% Haifa-MUC newest paper
@article{Haifa2014,
  title={Accelerated deletion-based extraction of minimal unsatisfiable cores},
  author={Nadel, Alexander and Ryvchin, Vadim and Strichman, Ofer},
  journal={Journal on Satisfiability, Boolean Modeling and Computation},
  volume={9},
  pages={27--51},
  year={2014}
}

% Joao's newest paper on MUS
@article{Joao2012,
  title={Towards efficient MUS extraction},
  author={Belov, Anton and Lynce, In{\^e}s and Marques-Silva, Joao},
  journal={AI Communications},
  volume={25},
  number={2},
  pages={97--116},
  year={2012},
  publisher={IOS Press}
}

% Amuse paper
@inproceedings{AMUSE,
    title={AMUSE: a minimally-unsatisfiable subformula extractor},
    author={Oh, Yoonna and Mneimneh, Maher N and Andraus, Zaher S and Sakallah, Karem A and Markov, Igor L},
    booktitle={Proceedings of the 41st annual Design Automation Conference},
    pages={518--523},
    year={2004},
    organization={ACM}
  }

% Agnew's SMPO
@article{SMPO,
  title={Low complexity word-level sequential normal basis multipliers},
  author={Reyhani-Masoleh, Arash and Hasan, M Anwar},
  journal={Computers, IEEE Transactions on},
  volume={54},
  number={2},
  pages={98--110},
  year={2005},
  publisher={IEEE}
}

% Singular
@misc {DGPS,
 title = {{\sc Singular} {3-1-6} --- {A} computer algebra system for polynomial computations},
 author = {Decker, Wolfram and Greuel, Gert-Martin and Pfister, Gerhard and Sch\"onemann, Hans},
 year = {2012},
 howpublished = {http://www.singular.uni-kl.de},
}


