% Haifa-MUC newest paper
@article{Haifa2014,
  title={Accelerated deletion-based extraction of minimal unsatisfiable cores},
  author={Nadel, Alexander and Ryvchin, Vadim and Strichman, Ofer},
  journal={Journal on Satisfiability, Boolean Modeling and Computation},
  volume={9},
  pages={27--51},
  year={2014}
}

% Joao's newest paper on MUS
@article{Joao2012,
  title={Towards efficient {MUS} extraction},
  author={Belov, Anton and Lynce, In{\^e}s and Marques-Silva, Joao},
  journal={AI Communications},
  volume={25},
  number={2},
  pages={97--116},
  year={2012},
  publisher={IOS Press}
}

% Amuse paper
@inproceedings{AMUSE,
    title={AMUSE: a minimally-unsatisfiable subformula extractor},
    author={Oh, Yoonna and Mneimneh, Maher N and Andraus, Zaher S and Sakallah, Karem A and Markov, Igor L},
    booktitle={Proceedings of the 41st annual Design Automation Conference},
    pages={518--523},
    year={2004},
    organization={ACM}
  }

@Article{unsat-core-linear:81,
  author = 	 {J. N. M. van Loon},
  title = 	 {Irreducibly inconsistent systems of linear inequalities},
  journal = 	 {European Journal of Oper. Res.},
  year = 	 {1981},
  OPTkey = 	 {},
  volume = 	 {8},
  number = 	 {3},
  pages = 	 {283-288},
  OPTmonth = 	 {},
  OPTnote = 	 {},
  OPTannote = 	 {}
}

@Article{unsat-core-linear:91,
  author = 	 {Chinneck, J. W. and Dravnieks, E.},
  title = 	 {Locating minimal infeasible constraint sets in linear programs},
  journal = 	 {INFORMS Journal on Computing},
  year = 	 {1991},
  OPTkey = 	 {},
  volume = 	 {3},
  number = 	 {2},
  pages = 	 {157-168},
  OPTmonth = 	 {},
  OPTnote = 	 {},
  OPTannote = 	 {}
}

