@article{manna:program,
 author = {Sankaranarayanan, S. and Sipma, H. B. and Manna, Z.},
 title = {{N}on-linear {L}oop {I}nvariant {G}eneration using {G}robner {B}ases},
 journal = {SIGPLAN Not.},
 volume = {39},
 number = {1},
 year = {2004},
 OPTissn = {0362-1340},
 pages = {318--329},
 OPTdoi = {http://doi.acm.org/10.1145/982962.964028},
 publisher = {ACM Press},
 address = {New York, NY, USA},
 }

@InProceedings{mediabench,
  author = 	 {Lee, C. and Potkonjak, M. and Mangione-Smith, W.},
  title = 	 {Media{B}ench: A {T}ool for {E}valuating and
                  {S}ynthesizing {M}ultimedia and {C}ommunication
                  {S}ystems}, 
  OPTcrossref =  {},
  OPTkey = 	 {},
  booktitle = {Intl. Symp. on Microarchitecture},
  OPTpages = 	 {},
  year = 	 {1997},
  OPTeditor = 	 {},
  OPTvolume = 	 {},
  OPTnumber = 	 {},
  OPTseries = 	 {},
  OPTaddress = 	 {},
  OPTmonth = 	 {},
  OPTorganization = {},
  OPTpublisher = {},
  OPTnote = 	 {},
  OPTannote = 	 {}
}


@InProceedings{brand_miter,
  author = 	 {Brand, D.},
  title = 	 {{V}erification of {L}arge {S}ynthesized {D}esigns}, 
  OPTcrossref =  {},
  OPTkey = 	 {},
  booktitle = {Digest of Technical Papers of the IEEE/ACM International Conference on Computer-Aided Design},
  pages = 	 {534-537},
  year = 	 {1993},
  OPTeditor = 	 {},
  OPTvolume = 	 {},
  OPTnumber = 	 {},
  OPTseries = 	 {},
  OPTaddress = 	 {},
  month = 	 {November},
  OPTorganization = {},
  OPTpublisher = {},
  OPTnote = 	 {},
  OPTannote = 	 {}
}

@InProceedings{yices,
  author = 	 {Dutertre, B. and De Moura, L.},
  title = 	 {{A} {F}ast {L}inear-{A}rithmetic {S}olver for {DPLL}}, 
  OPTcrossref =  {},
  OPTkey = 	 {},
  booktitle = {International Conference on Computer Aided Verification (CAV)},
  pages = 	 {81-94},
  year = 	 {2006},
  OPTeditor = 	 {},
  volume = 	 {4144},
  OPTnumber = 	 {},
  OPTseries = 	 {},
  OPTaddress = 	 {},
  OPTmonth = 	 {},
  OPTorganization = {},
  publisher = {Springer},
  OPTnote = 	 {},
  OPTannote = 	 {}
}

@InProceedings{mathsat,
  author = 	 {Bozzano, M. and Bruttomesso, R. and Cimatti, A. and Junttila, T. and van Rossum, P. and Ranise, S. and Sebastiani, R.},
  title = 	 {{E}fficient {S}atisfiability {M}odulo {T}heories via {D}elayed {T}heory {C}ombination}, 
  OPTcrossref =  {},
  OPTkey = 	 {},
  booktitle = {International Conference on Computer Aided Verification (CAV)},
  OPTpages = 	 {},
  year = 	 {2005},
  OPTeditor = 	 {},
  OPTvolume = 	 {},
  number = 	 {LNCS No.3576},
  OPTseries = 	 {},
  OPTaddress = 	 {},
  OPTmonth = 	 {},
  OPTorganization = {},
  publisher = {Springer},
  OPTnote = 	 {},
  OPTannote = 	 {}
}

@Misc{hlsynth:bench,
  OPTkey = 	 {},
  OPTauthor = 	 {},
  title = 	 {UCI SPARK High-Level Synthesis Benchmarks},
  howpublished = {1995 High-Level Synthesis Benchmark Suite},
  OPTmonth = 	 {},
  OPTyear = 	 {},
  OPTnote = 	 {},
  OPTannote = 	 {}
}

@Article{smarandache:complexity,
  author = 	 {Power, D. and Tabirca, S. and T. Tabirca},
  title = 	 {{J}ava {C}oncurrent {P}rogram for the {S}marandache
                  {F}unction},  
  journal = 	 {Smarandache Notions Journal},
  year = 	 {2002},
  OPTkey = 	 {},
  volume = 	 {13},
  number = 	 {1-2-3},
  pages = 	 {72-84},
  OPTmonth = 	 {},
  OPTnote = 	 {},
  OPTannote = 	 {}
}

@Article{bhargava_compose,
  author = 	 {Bhargava, M.},
  title = 	 {{C}ongruence {P}reservation and {P}olynomial {F}unctions from $Z_n$ to $Z_m$},  
  journal = 	 {Discrete Mathematics},
  year = 	 {1997},
  OPTkey = 	 {},
  volume = 	 {173},
  OPTnumber = 	 {1-2-3},
  pages = 	 {15-21},
  OPTmonth = 	 {},
  OPTnote = 	 {},
  OPTannote = 	 {}
}

@InProceedings{marinari,
  author = 	 {Marinari, M. and Moller, H. and Mora, T.},
  title = 	 {Grobner bases of ideals defined by functionals with
                  an application to ideals of projective points}, 
  OPTcrossref =  {},
  OPTkey = 	 {},
  booktitle = {Appl. Algebra Engrg. Comm. Comput},
  pages = 	 {103-145},
  year = 	 {1993},
  OPTeditor = 	 {},
  OPTvolume = 	 {},
  OPTnumber = 	 {},
  OPTseries = 	 {},
  OPTaddress = 	 {},
  OPTmonth = 	 {},
  OPTorganization = {},
  OPTpublisher = {},
  OPTnote = 	 {},
  OPTannote = 	 {}
}

@Article{abbott:jsc2000,
  author = 	 {Abbott, J. and Bigatti, A. and Kreuzer, M.  and
                  Robbiano, L.},
  title = 	 {Computing ideals of points},
  journal = 	 {Journal of Symbolic Computation},
  year = 	 {2000},
  OPTkey = 	 {},
  OPTvolume = 	 {},
  OPTnumber = 	 {},
  OPTpages = 	 {},
  OPTmonth = 	 {},
  OPTnote = 	 {},
  OPTannote = 	 {}
}

@Article{gupta_survey,
  author = 	 {Gupta, A.},
  title = 	 {Formal Hardware Verification Methods: A Survey},
  journal = 	 {Formal Methods in System Design},
  year = 	 {1992},
  OPTkey = 	 {},
  volume = 	 {1},
  OPTnumber = 	 {},
  pages = 	 {151-238},
  OPTmonth = 	 {},
  OPTnote = 	 {},
  OPTannote = 	 {}
}

@InProceedings{farr:vanish_ideal,
 author = {Farr, S. and Gao, S.},
 title = {{C}omputing {G}r\"{o}bner {B}ases for {V}anishing {I}deals
                  of {F}inite {S}ets of {P}oints}, 
 booktitle = {In Conference on the Applications of Computer Algebra
                  (ACA) }, 
 year = {2003},
 OPTpages = {},
 }



@InProceedings{paruthi:iccd98,
  author = 	 {Paruthi, V. and Mansouri, N. and Vemuri, R.},
  title = 	 {Automatic Datapath Abstraction for Verification of
                  Large Scale Designs},
  OPTcrossref =  {},
  OPTkey = 	 {},
  booktitle = {Intl. Conf. on Computer Design},
  year      = {1998}, 
  OPTpages = 	 {},
  OPTyear = 	 {},
  OPTeditor = 	 {},
  OPTvolume = 	 {},
  OPTnumber = 	 {},
  OPTseries = 	 {},
  OPTaddress = 	 {},
  OPTmonth = 	 {},
  OPTorganization = {},
  OPTpublisher = {},
  OPTnote = 	 {},
  OPTannote = 	 {}
}

@InProceedings{analytica:AI,
  author = 	 {Bauer, A and Clarke, E. M. and Zhao, X},
  title = 	 {Analytica - An Experiment in Combining Theorem
                  Proving and Symbolic Computation},
  OPTcrossref =  {},
  OPTkey = 	 {},
  booktitle = {International Conference on Artificial Intelligence
                  and Symbolic Mathematical Computation, AISMC-3}, 
  pages = 	 {21-37},
  year = 	 {1996},
  OPTeditor = 	 {},
  OPTvolume = 	 {},
  OPTnumber = 	 {},
  OPTseries = 	 {},
  OPTaddress = 	 {},
  OPTmonth = 	 {},
  OPTorganization = {},
  OPTpublisher = {},
  OPTnote = 	 {},
  OPTannote = 	 {}
}

@Article{clarke:analytica,
  author = 	 {Clarke, E. and Zhao, X.},
  title = 	 {Analytica: {A} theorem prover for {M}athematica},
  journal = 	 {The Journal of Mathematica},
  year = 	 {1993},
  OPTkey = 	 {},
  volume = 	 {3},
  number = 	 {1},
  OPTpages = 	 {},
  OPTmonth = 	 {},
  OPTnote = 	 {},
  OPTannote = 	 {}
}

@InProceedings{hol:reals,
  author = 	 {Harrison, J. and Thery, L.},
  title = 	 {Extending {HOL} theorem prover with a computer
                  algebra system to reason about the reals},
  OPTcrossref =  {},
  OPTkey = 	 {},
  booktitle = {Proc. Higher Order Logic Theorem Proving and its Applications},
  OPTpages = 	 {},
  year = 	 {1994},
  OPTeditor = 	 {},
  OPTvolume = 	 {},
  OPTnumber = 	 {},
  OPTseries = 	 {},
  OPTaddress = 	 {},
  OPTmonth = 	 {},
  OPTorganization = {},
  OPTpublisher = {},
  OPTnote = 	 {},
  OPTannote = 	 {}
}

@InProceedings{ballarin:issac:95,
  author = 	 {Ballarin, C. and Homman, K. and Calmet, J.},
  title = 	 {Theorems and Algorithms: An Interface between
                  Isabelle and Maple},
  OPTcrossref =  {},
  OPTkey = 	 {},
  booktitle = {Proc. Intl. Symp. Symbolic and Algebraic Comp.},
  OPTpages = 	 {},
  year = 	 {1995},
  OPTeditor = 	 {},
  OPTvolume = 	 {},
  OPTnumber = 	 {},
  OPTseries = 	 {},
  OPTaddress = 	 {},
  OPTmonth = 	 {},
  OPTorganization = {},
  OPTpublisher = {},
  OPTnote = 	 {},
  OPTannote = 	 {}
}

@Misc{dac05:matlab-session,
  OPTkey = 	 {},
  OPTauthor = 	 {},
  title = 	 {MATLAB TM - The Other Emerging System-Design
  Language},
  howpublished = {Special Session, Design Auto. Conf.},
  month = 	 {June},
  year = 	 {2005},
  OPTnote = 	 {},
  OPTannote = 	 {}
}

@Book{poly_book,
  author = 	 {McDonald, B. R.},
  OPTALTeditor = 	 {},
  title = 	 {{F}inite {R}ings with {I}dentity}, 
  publisher = 	 {Marcel Dekker, Inc},
  year = 	 {1974},
  OPTkey = 	 {},
  OPTvolume = 	 {},
  OPTnumber = 	 {},
  OPTseries = 	 {},
  address = 	 {New York},
  OPTedition = 	 {},
  OPTmonth = 	 {},
  OPTnote = 	 {},
  OPTannote = 	 {}
}

@Book{gb_book,
  author = 	 {Adams, W. W. and Loustaunau, P.},
  OPTALTeditor = 	 {},
  title = 	 {{A}n {I}ntroduction to {G}robner {B}ases}, 
  publisher = 	 {American Mathematical Society},
  year = 	 {1994},
  OPTkey = 	 {},
  OPTvolume = 	 {},
  OPTnumber = 	 {},
  OPTseries = 	 {},
  OPTaddress = 	 {},
  OPTedition = 	 {},
  OPTmonth = 	 {},
  OPTnote = 	 {},
  OPTannote = 	 {}
}

@Book{hol,
  author = 	 {Gordon, M. and Melham, T.},
  ALTeditor = 	 {},
  title = 	 {Introduction to {HOL}: {A} theorem proving
                  environment for higher order logic}, 
  publisher = 	 {Cambridge Univ. Press},
  year = 	 {1993},
  OPTkey = 	 {},
  OPTvolume = 	 {},
  OPTnumber = 	 {},
  OPTseries = 	 {},
  OPTaddress = 	 {},
  OPTedition = 	 {},
  OPTmonth = 	 {},
  OPTnote = 	 {},
  OPTannote = 	 {}
}

@Book{spin,
  author = 	 {Holzmann, G. J.},
  OPTALTeditor = 	 {},
  title = 	 {{T}he {SPIN} {M}odel {C}hecker: {P}rimer and {R}eference {M}anual}, 
  publisher = 	 {Addison-Wesley Professional},
  year = 	 {2003},
  OPTkey = 	 {},
  OPTvolume = 	 {},
  OPTnumber = 	 {},
  OPTseries = 	 {},
  OPTaddress = 	 {},
  edition = 	 {First Edition},
  month = 	 {September},
  OPTnote = 	 {},
  OPTannote = 	 {}
}

@Book{spark,
  author = 	 {Gupta, S. and Gupta, R. K. and Dutt, N. D. and Nicolau, A.},
  ALTeditor = 	 {},
  title = 	 {SPARK: A Parallelizing Approach to the High-Level Synthesis of Digital Circuits}, 
  publisher = 	 {Springer},
  year = 	 {May, 2004},
  OPTkey = 	 {},
  OPTvolume = 	 {},
  OPTnumber = 	 {},
  OPTseries = 	 {},
  OPTaddress = 	 {},
  OPTedition = 	 {},
  OPTmonth = 	 {},
  OPTnote = 	 {},
  OPTannote = 	 {}
}

%%%%%%%%%% canonical simplification
@Article{moses,
  author = 	 {Moses, J.},
  title = 	 {Algebraic Simplification: A guide for the perplexed},
  journal = 	 {Comm. ACM},
  year = 	 {1971},
  OPTkey = 	 {},
  volume = 	 {14},
  OPTnumber = 	 {},
  pages = 	 {548-560},
  OPTmonth = 	 {},
  OPTnote = 	 {},
  OPTannote = 	 {}
}



@Article{caviness,
  author = 	 {Caviness, B. F.},
  title = 	 {{O}n {C}anonical {F}orms and {S}implification},
  journal = 	 {Journal of the ACM},
  year = 	 {1970},
  OPTkey = 	 {},
  volume = 	 {17},
  OPTnumber = 	 {},
  pages = 	 {385-396},
  OPTmonth = 	 {},
  OPTnote = 	 {},
  OPTannote = 	 {}
}



@InProceedings{loos,
  author = 	 {Loos, R.},
  title = 	 {Toward a {F}ormal {I}mplementation of {C}omputer
                  {A}lgebra},
  OPTcrossref =  {},
  OPTkey = 	 {},
  booktitle = {Proc. of EUROSAM},
  pages = 	 {1-2},
  year = 	 {1974},
  OPTeditor = 	 {},
  OPTvolume = 	 {},
  OPTnumber = 	 {},
  OPTseries = 	 {},
  OPTaddress = 	 {},
  OPTmonth = 	 {},
  OPTorganization = {},
  OPTpublisher = {},
  OPTnote = 	 {},
  OPTannote = 	 {}
}

@Article{loos:sigsam,
  author = 	 {Loos, R.},
  title = 	 {Toward a {F}ormal {I}mplementation of {C}omputer
                  {A}lgebra}, 
  journal = 	 {SIGSAM Bulletin},
  year = 	 {1974},
  OPTkey = 	 {},
  volume = 	 {8},
  OPTnumber = 	 {},
  pages = 	 {9-16},
  month = 	 {Aug.},
  OPTnote = 	 {},
  OPTannote = 	 {}
}



@Article{caviness:ipl,
  author = 	 {Caviness, B. and {\it et al.}},
  title = 	 {An {E}xistence {L}emma for {C}anonical {F}orms in
                  {S}ymbolic {M}athematics},
  journal = 	 {Inf. Proc. Letters},
  year = 	 {1971},
  OPTkey = 	 {},
  OPTvolume = 	 {},
  OPTnumber = 	 {},
  pages = 	 {45-46},
  OPTmonth = 	 {},
  OPTnote = 	 {},
  OPTannote = 	 {}
}



@InProceedings{stoutemyer,
  author = 	 {Stoutemyer, D.},
  title = 	 {Which polynomial representation is best?},
  OPTcrossref =  {},
  OPTkey = 	 {},
  booktitle = {Proc. Third MACSYMA Users' Conf.},
  pages = 	 {221-243},
  year = 	 {1984},
  OPTeditor = 	 {},
  OPTvolume = 	 {},
  OPTnumber = 	 {},
  OPTseries = 	 {},
  OPTaddress = 	 {},
  OPTmonth = 	 {},
  OPTorganization = {},
  OPTpublisher = {},
  OPTnote = 	 {},
  OPTannote = 	 {}
}

%%%%%%%%%%%%%%%%%%
@Article{chen_96,
  author = 	 {Chen, Z.},
  title = 	 {On Polynomial Functions from {Z}$_{n_1}\times
                  ${Z}$_{n_2}\times \cdots \times ${Z}$_{n_r}$ to {Z}$_m$},
  journal = 	 {Discrete Math.},
  year = 	 {1996},
  OPTkey = 	 {},
  volume = 	 {162},
  number = 	 {1-3},
  pages = 	 {67-76},
  OPTmonth = 	 {},
  OPTnote = 	 {},
  OPTannote = 	 {}
}



@Article{chen_95,
  author = 	 {Chen, Z.},
  title = 	 {On Polynomial Functions from {Z}$_n$ to {Z}$_m$},
  journal = 	 {Discrete Math.},
  year = 	 {1995},
  OPTkey = 	 {},
  volume = 	 {137},
  number = 	 {1-3},
  pages = 	 {137-145},
  OPTmonth = 	 {},
  OPTnote = 	 {},
  OPTannote = 	 {}
}

@Book{comp_algebra:handbook,
  author = 	 {Grabmeier, J. and Kaltofen, E. and Weispfenning, V.},
  ALTeditor = 	 {},
  title = 	 {Computer Algebra Handbook},
  publisher = 	 {Springer-Verlag},
  year = 	 {2003},
  OPTkey = 	 {},
  OPTvolume = 	 {},
  OPTnumber = 	 {},
  OPTseries = 	 {},
  OPTaddress = 	 {},
  OPTedition = 	 {},
  OPTmonth = 	 {},
  OPTnote = 	 {},
  OPTannote = 	 {}
}

@Misc{macsyma,
  OPTkey = 	 {},
  OPTauthor = 	 {},
  title = 	 {MACSYMA: },
  howpublished = {http://www.macsyma.com},
  OPTmonth = 	 {},
  OPTyear = 	 {},
  OPTnote = 	 {},
  OPTannote = 	 {}
}

@Misc{cocoa,
  OPTkey = 	 {},
  OPTauthor = 	 {},
  title = 	 {{CoCoA}: A system for doing Computations in Commutative Algebra},
  howpublished = {Available at http://cocoa.dima.unige.it},
  OPTmonth = 	 {},
  OPTyear = 	 {},
  OPTnote = 	 {},
  OPTannote = 	 {}
}

@Misc{reduce,
  OPTkey = 	 {},
  OPTauthor = 	 {},
  title = 	 {REDUCE - Computer Algebra System},
  howpublished = {http://www.reduce-algebra.com},
  OPTmonth = 	 {},
  OPTyear = 	 {},
  OPTnote = 	 {},
  OPTannote = 	 {}
}

@Misc{ntl,
  OPTkey = 	 {},
  author = 	 {Shoup, V.},
  title = 	 {{NTL:} A Library for doing number theory},
  howpublished = {http://www.shoup.net},
  OPTmonth = 	 {},
  OPTyear = 	 {},
  OPTnote = 	 {},
  OPTannote = 	 {}
}

@Misc{sf_compute,
  OPTkey = 	 {},
  author = 	 {Smarandache Function Computation},
  OPTtitle = 	 {},
  howpublished = {http://mathworld.wolfram.com/SmarandacheFunction.html},
  OPTmonth = 	 {},
  OPTyear = 	 {},
  OPTnote = 	 {},
  OPTannote = 	 {}
}

@Misc{matlab,
  OPTkey = 	 {},
  author = 	 {MATLAB/Simulink; Matlab to RTL Translator},
  OPTtitle = 	 {},
  howpublished = {http://www.mathworks.com/products/simulink},
  OPTmonth = 	 {},
  OPTyear = 	 {},
  OPTnote = 	 {},
  OPTannote = 	 {}
}

@InProceedings{mvhdl,
  author = 	 {Groute, I. A. and Keane, K.},
  title = 	 {{M(VH)DL}: {A} {MATLAB} to {VHDL} {C}onversion
                  {T}oolbox for {D}igital {C}ontrol},
  OPTcrossref =  {},
  OPTkey = 	 {},
  booktitle = {IFAC Symp. on Computer-Aided Control System Design},
  OPTpages = 	 {},
  year = 	 {2000},
  OPTeditor = 	 {},
  OPTvolume = 	 {},
  OPTnumber = 	 {},
  OPTseries = 	 {},
  OPTaddress = 	 {},
  month = 	 {Sept.},
  OPTorganization = {},
  OPTpublisher = {},
  OPTnote = 	 {},
  OPTannote = 	 {}
}

@Booklet{zen,
  title = 	 {A toolbox for fast computation in finite extension
                  over finite rings}, 
  OPTkey = 	 {},
  author = 	 {Chabaud, F. and Larcier, R.},
  Ohowpublished = {Symbolic Algebra Library},
  address = 	 {http://zenfact.sourceforge.net/},
  OPTmonth = 	 {},
  OPTyear = 	 {},
  OPTnote = 	 {},
  OPTannote = 	 {}
}


@InProceedings{fallah-poly-factor,
  author = 	 {Hosangadi, A. and Fallah, F. and Kastner, R.},
  title = 	 {Factoring and Eliminating Common Subexpressions in
                  Polynomial Expressions},
  OPTcrossref =  {},
  OPTkey = 	 {},
  booktitle = {ICCAD},
  pages = 	 {169-174},
  year = 	 {2004},
  OPTeditor = 	 {},
  OPTvolume = 	 {},
  OPTnumber = 	 {},
  OPTseries = 	 {},
  OPTaddress = 	 {},
  OPTmonth = 	 {},
  OPTorganization = {},
  OPTpublisher = {},
  OPTnote = 	 {},
  OPTannote = 	 {}
}

@InProceedings{method-dsp-fixed-pt,
  author = 	 {Cmar, R. and Rijnders, L. and Schaumont, P. and
                  Vernalde, S. and Bolsens, I. },
  title = 	 {A Methodology and design environment for {DSP ASIC}
                  fixed point refinement},
  OPTcrossref =  {},
  OPTkey = 	 {},
  booktitle = {DATE},
  OPTpages = 	 {},
  year = 	 {1999},
  OPTeditor = 	 {},
  OPTvolume = 	 {},
  OPTnumber = 	 {},
  OPTseries = 	 {},
  OPTaddress = 	 {},
  OPTmonth = 	 {},
  OPTorganization = {},
  OPTpublisher = {},
  OPTnote = 	 {},
  OPTannote = 	 {}
}

@Article{synth-saturation,
  author = 	 {Constantinides, G. and Cheung, P. and Luk, W.},
  title = 	 {Synthesis of Saturation Arithmetic Architectures},
  journal = 	 {ACM Trans. Des. Auto},
  year = 	 {2003},
  OPTkey = 	 {},
  OPTvolume = 	 {},
  OPTnumber = 	 {},
  pages = 	 {334-354},
  month = 	 {July},
  OPTnote = 	 {},
  OPTannote = 	 {}
}

@InProceedings{word-len-opt-hlsynth,
  author = 	 {Kum, K. and Sung, W.},
  title = 	 {Word-length optimization for high-level synthesis of
                  {DSP} systems},
  OPTcrossref =  {},
  OPTkey = 	 {},
  booktitle = {Intl. workshop Signal Processing Systems, SIPS},
  OPTpages = 	 {},
  year = 	 {1998},
  OPTeditor = 	 {},
  OPTvolume = 	 {},
  OPTnumber = 	 {},
  OPTseries = 	 {},
  OPTaddress = 	 {},
  OPTmonth = 	 {},
  OPTorganization = {},
  OPTpublisher = {},
  OPTnote = 	 {},
  OPTannote = 	 {}
}

@InProceedings{multi-word-synth,
  author = 	 {Constantinides, G. and Cheung, P. and Luk, W.},
  title = 	 {Heuristic {D}atapath {A}llocation for {M}ultiple
                  {W}ordlength {S}ystems},
  OPTcrossref =  {},
  OPTkey = 	 {},
  booktitle = {Design, Automation, Test in Eur. (DATE)},
  OPTpages = 	 {},
  year = 	 {2001},
  OPTeditor = 	 {},
  OPTvolume = 	 {},
  OPTnumber = 	 {},
  OPTseries = 	 {},
  OPTaddress = 	 {},
  OPTmonth = 	 {},
  OPTorganization = {},
  OPTpublisher = {},
  OPTnote = 	 {},
  OPTannote = 	 {}
}

@InProceedings{fridge,
  author = 	 {Willems, M. and Keding, H. and Grotket, T. and Meyr,
                  H.},
  title = 	 {Fridge: {A}n {I}nteractive {F}ixed-point {C}ode
                  {G}eneration {E}nvironment for {HW/SW} {C}o-design},
  OPTcrossref =  {},
  OPTkey = 	 {},
  booktitle = {Intl. Conf. Acoustics, Speech, Signal Proc.},
  OPTpages = 	 {},
  year = 	 {1997},
  OPTeditor = 	 {},
  OPTvolume = 	 {},
  OPTnumber = 	 {},
  OPTseries = 	 {},
  OPTaddress = 	 {},
  OPTmonth = 	 {},
  OPTorganization = {},
  OPTpublisher = {},
  OPTnote = 	 {},
  OPTannote = 	 {}
}

@InProceedings{float-to-fixed:cases02,
  author = 	 {Menard, D. and Chillet, D and Charot, F and
                  Sentieys, O.}, 
  title = 	 {Automatic {F}loating-point to {F}ixed-point
                  {C}onversion for {DSP} {C}ode {G}eneration},
  OPTcrossref =  {},
  OPTkey = 	 {},
  booktitle = {Intl. Conf. Compiler, Architecture, Synthesis Embedded
                  Sys., CASES},
  OPTpages = 	 {},
  year = 	 {2002},
  OPTeditor = 	 {},
  OPTvolume = 	 {},
  OPTnumber = 	 {},
  OPTseries = 	 {},
  OPTaddress = 	 {},
  OPTmonth = 	 {},
  OPTorganization = {},
  OPTpublisher = {},
  OPTnote = 	 {},
  OPTannote = 	 {}
}

@Article{smarandache,
  author = 	 {Smarandache, F.},
  title = 	 {A function in number theory},
  journal = 	 {Analele Univ. Timisoara, Fascicle 1},
  year = 	 {1980},
  OPTkey = 	 {},
  volume = 	 {XVII},
  OPTnumber = 	 {},
  pages = 	 {79-88},
  OPTmonth = 	 {},
  OPTnote = 	 {},
  OPTannote = 	 {}
}

@Article{keller_olson,
  author = 	 {Keller, G. and Olson, F.},
  title = 	 {Counting {P}olynomial {F}unctions (mod $p^n$)},
  journal = 	 {Duke Math. J.},
  year = 	 {1968},
  OPTkey = 	 {},
  volume = 	 {35},
  OPTnumber = 	 {},
  pages = 	 {835-838},
  OPTmonth = 	 {},
  OPTnote = 	 {},
  OPTannote = 	 {}
}

@Article{singmaster,
  author =       {Singmaster, D.},
  title =        {{O}n {P}olynomial {F}unctions (mod m)},
  journal =      {J. Number Theory},
  year =         {1974},
  OPTkey =       {},
  volume =       {6},
  OPTnumber =    {},
  pages =        {345-352},
  OPTmonth =     {},
  OPTnote =      {},
  OPTannote =    {}
 }

@Article{niven,
  author =       {Niven, I. and Warren, J. L.},
  title =        {{A} {G}eneralization of {F}ermat's {T}heorem},
  journal =      {Proc. of American Mathematical Society},
  year =         {1957},
  OPTkey =       {},
  volume =       {8},
  OPTnumber =    {2},
  pages =        {306-313},
  OPTmonth =     {April},
  OPTnote =      {},
  OPTannote =    {}
 }

@Article{smarandache_function,
  author =       {Hungerbuhler, N. and Specker, E.},
  title =        {{A} {G}eneralization of the {S}marandache {F}unction to {S}everal {V}ariables},
  journal =      {Integers: Electronic J. Conbinatorial Number Theory},
  year =         {2006},
  OPTkey =       {},
  volume =       {6},
  OPTnumber =    {},
  OPTpages =     {},
  OPTmonth =     {},
  OPTnote =      {},
  OPTannote =    {}
 }


 @Article{bhargava,
  author = 	 {Bhargava, M.},
  title = 	 {P-orderings and {P}olynomial {F}unctions on
                  {A}rbitrary {S}ubsets of {D}edekind {R}ings},  
  journal = 	 {J. Reine. Angew. Math.},
  year = 	 {1997},
  OPTkey = 	 {},
  volume = 	 {490},
  OPTnumber = 	 {},
  pages = 	 {101-127},
  OPTmonth = 	 {},
  OPTnote = 	 {},
  OPTannote = 	 {}
}



@Article{kempner_1921,
  author = 	 {Kempner, A. J.},
  title = 	 {Polynomials and their residual systems},
  journal = 	 {Amer. Math. Soc. Trans.},
  year = 	 {1921},
  OPTkey = 	 {},
  volume = 	 {22},
  OPTnumber = 	 {},
  pages = 	 {240-288},
  OPTmonth = 	 {},
  OPTnote = 	 {},
  OPTannote = 	 {}
}

@Article{kempner_1918,
  author = 	 {Kempner, A. J.},
  title = 	 {Miscellanea.},
  journal = 	 {Amer. Math. Monthly},
  year = 	 {1918},
  OPTkey = 	 {},
  volume = 	 {25},
  OPTnumber = 	 {},
  pages = 	 {201-210},
  OPTmonth = 	 {},
  OPTnote = 	 {},
  OPTannote = 	 {}
}

@Article{lucas,
  author = 	 {Lucas, E.},
  title = 	 {Question Nr. 288},
  journal = 	 {Mathesis},
  year = 	 {1883},
  OPTkey = 	 {},
  volume = 	 {3},
  OPTnumber = 	 {},
  pages = 	 {232},
  OPTmonth = 	 {},
  OPTnote = 	 {},
  OPTannote = 	 {}
}


@Article{holfft_tcad,
  author = 	 {Akbarpour, B. and Tahar, S.},
  title = 	 {An Approach for the Formal Verification of DSP Designs using Theorem Proving},
  journal = 	 {IEEE Transactions on CAD of Integrated Circuits and Systems},
  year = 	 {2006},
  OPTkey = 	 {},
  volume = 	 {25},
  number = 	 {8},
  pages = 	 {1141-1457},
  month = 	 {August},
  OPTnote = 	 {},
  OPTannote = 	 {}
}

@InProceedings{ienne,
  author = 	 {Verma, A. K. and Ienne, P.},
  title = 	 {{I}mproved use of the {C}arry-save {R}epresentation for the
                   {S}ynthesis of {C}omplex {A}rithmetic {C}ircuits},
  OPTcrossref =  {},
  OPTkey = 	 {},
  booktitle =    {Proceedings of the International Conference on Computer Aided
                  Design},
  OPTpages = 	 {},
  year = 	 {2004},
  OPTeditor = 	 {},
  OPTvolume = 	 {},
  OPTnumber = 	 {},
  OPTseries = 	 {},
  OPTaddress = 	 {},
  OPTmonth = 	 {Nov},
  OPTorganization = {},
  OPTpublisher = {},
  OPTnote = 	 {},
  OPTannote = 	 {}
}

@Book{mathews:book,
  author = 	 {Mathews, V. J. and Sicuranza, G. L.},
  ALTeditor = 	 {},
  title = 	 {{P}olynomial {S}ignal {P}rocessing},
  publisher = 	 {Wiley-Interscience},
  year = 	 {2000},
  OPTkey = 	 {},
  OPTvolume = 	 {},
  OPTnumber = 	 {},
  OPTseries = 	 {},
  OPTaddress = 	 {},
  OPTedition = 	 {},
  OPTmonth = 	 {April},
  OPTnote = 	 {},
  OPTannote = 	 {}
}

@Book{fv_graph:book,
  author = 	 {Perry, D. L. and Foster, H. F.},
  ALTeditor = 	 {},
  title = 	 {{A}pplied {F}ormal {V}erification},
  publisher = 	 {McGraw-Hill Professional},
  year = 	 {2005},
  OPTkey = 	 {},
  OPTvolume = 	 {},
  OPTnumber = 	 {},
  OPTseries = 	 {},
  OPTaddress = 	 {},
  edition = 	 {First},
  month = 	 {April},
  OPTnote = 	 {},
  OPTannote = 	 {}
}

@InProceedings{pradhan_modd,
  author = 	 {Rajaprabhu, T.L. and Singh, A.K. and Jabir, A.M. and Pradhan, D.K.},
  title = 	 {{M}ODD for {CF}: {A} {C}ompact {R}epresentation for {M}ultiple {O}utput {F}unction},
  OPTcrossref =  {},
  OPTkey = 	 {},
  booktitle =    {IEEE International High Level Design Validation and Test Workshop},
  OPTpages = 	 {},
  year = 	 {2004},
  OPTeditor = 	 {},
  OPTvolume = 	 {},
  OPTnumber = 	 {},
  OPTseries = 	 {},
  OPTaddress = 	 {},
  OPTmonth = 	 {Nov},
  OPTorganization = {},
  OPTpublisher = {},
  OPTnote = 	 {},
  OPTannote = 	 {}
  }

@Article{shekhar:tcad,
  author = 	 {Shekhar, N. and Kalla, P. and Enescu, F.},
  title = 	 {{E}quivalence {V}erification of {P}olynomial {D}atapaths using {I}deal {M}embership {T}esting},
  journal = 	 {IEEE Transactions on Computer-Aided Design of Integrated Circuits and Systems},
  year = 	 {2007},
  OPTkey = 	 {},
  volume = 	 {26},
  number = 	 {7},
  pages = 	 {1320-1330},
  month = 	 {July},
  OPTnote = 	 {},
  OPTannote = 	 {}
}

@Article{shekhar:tvlsi,
  author = 	 {Shekhar, N. and Kalla, P. and Meredith, M. B. and Enescu, F.},
  title = 	 {{S}imulation {B}ounds for {E}quivalence {V}erification of {P}olynomial {D}atapaths using {F}inite {R}ing {A}lgebra (To appear)},
  journal = 	 {IEEE Transactions on VLSI: Special Section on Design Verification and Validation},
  year = 	 {2007},
  OPTkey = 	 {},
  OPTvolume = 	 {26},
  OPTnumber = 	 {7},
  OPTpages = 	 {1320-1330},
  OPTmonth = 	 {July},
  OPTnote = 	 {},
  OPTannote = 	 {}
}


@InProceedings{shekhar:fmcad06,
 author = 	 {Shekhar, N. and Kalla, P. and Meredith, M. B. and Enescu, F.},
  title = 	 {{S}imulation {B}ounds for {E}quivalence {V}erification of {A}rithmetic {D}atapaths with {F}inite {W}ord-{L}ength {O}perands},
  OPTcrossref =  {},
  OPTkey = 	 {},
  booktitle = {Formal Methods in Computer Aided Design, FMCAD}, 
  pages = 	 {179-186},
  year = 	 {2006},
  OPTeditor = 	 {},
  OPTvolume = 	 {},
  OPTnumber = 	 {},
  OPTseries = 	 {},
  OPTaddress = 	 {},
  month = 	 {November},
  OPTorganization = {},
  OPTpublisher = {},
  OPTnote = 	 {},
  OPTannote = 	 {}
}

@InProceedings{shekhar:iccd05,
  author = 	 {Shekhar, N. and Kalla, P. and Enescu F. and
                  Gopalakrishnan, S.}, 
  title = 	 {{E}xploiting {V}anishing {P}olynomials for
                  {E}quivalence {V}erification of {F}ixed-{S}ize
                  {A}rithmetic  {D}atapaths}, 
  OPTcrossref =  {},
  OPTkey = 	 {},
  booktitle = {International Conference on Computer Design},
  pages = 	 {215-220},
  year = 	 {2005},
  OPTeditor = 	 {},
  OPTvolume = 	 {},
  OPTnumber = 	 {},
  OPTseries = 	 {},
  OPTaddress = 	 {},
  month = 	 {October},
  OPTorganization = {},
  OPTpublisher = {},
  OPTnote = 	 {},
  OPTannote = 	 {}
}

@InProceedings{shekhar:iccad05,
  author = 	 {Shekhar, N. and Kalla, P. and Enescu F. and
                  Gopalakrishnan, S.}, 
  title = 	 {{E}quivalence {V}erification of {P}olynomial
                  {D}atapaths with {F}ixed-{S}ize {B}it-{V}ectors
                  using {F}init {R}ing {A}lgebra}, 
  OPTcrossref =  {},
  OPTkey = 	 {},
  booktitle = {International Conference on Computer-Aided Design, ICCAD}, 
  pages = 	 {291-296},
  year = 	 {2005},
  OPTeditor = 	 {},
  OPTvolume = 	 {},
  OPTnumber = 	 {},
  OPTseries = 	 {},
  OPTaddress = 	 {},
  month = 	 {November},
  OPTorganization = {},
  OPTpublisher = {},
  OPTnote = 	 {},
  OPTannote = 	 {}
}

@InProceedings{shekhar:date06,
  author =       {Shekhar, N. and Kalla, P. and Enescu F.},
  title =        {{E}quivalence {V}erification {A}rithmetic {D}atapaths with {M}ultiple {W}ord-length {O}perands},
  OPTcrossref =  {},
  OPTkey =       {},
  booktitle = {Design Automation and Test in Europe (DATE)},
  pages =     {6-10},
  year =         {2006},
  OPTeditor =    {},
  OPTvolume =    {},
  OPTnumber =    {},
  OPTseries =    {},
  OPTaddress =   {},
  month =     {March},
  OPTorganization = {},
  OPTpublisher = {},
  OPTnote =      {},
  OPTannote =    {}
}

@InProceedings{mted,
  author = 	 {Shekhar, N. and Kalla, P. and Enescu F.},
  title = 	 {{E}quivalence {V}erification of {A}rithmetic
                  {D}atapaths with {F}ixed-{S}ize {B}it-{V}ectors
                  using {M}odulo {T}aylor {D}iagrams and {F}inite
                  {R}ing {A}lgebra}, 
  OPTcrossref =  {},
  OPTkey = 	 {},
  booktitle = {Review, Design Automation and Test in Europe, DATE},
  OPTpages = 	 {},
  year = 	 {2005},
  OPTeditor = 	 {},
  OPTvolume = 	 {},
  OPTnumber = 	 {},
  OPTseries = 	 {},
  OPTaddress = 	 {},
  OPTmonth = 	 {},
  OPTorganization = {},
  OPTpublisher = {},
  OPTnote = 	 {},
  OPTannote = 	 {}
}

@TechReport{hol_fft,
  author = 	 {Akbarpour, B. and Tahar, S.},
  title = 	 {{V}erification of {FFT} using {HOL} {T}heorem {P}roving},
  institution =  {Concordia Univ.},
  year = 	 {2004},
  OPTkey = 	 {},
  OPTtype = 	 {},
  OPTnumber = 	 {},
  OPTaddress = 	 {},
  OPTmonth = 	 {},
  OPTnote = 	 {},
  OPTannote = 	 {}
}

@TechReport{ms:research,
  author = 	 {Babic, D. and Musuvathi, M.},
  title = 	 {{M}odular {A}rithmetic {D}ecision {P}rocedure},
  institution =  {Microsoft Research},
  year = 	 {2005},
  OPTkey = 	 {},
  OPTtype = 	 {},
  number = 	 {TR-2005-114},
  OPTaddress = 	 {},
  OPTmonth = 	 {},
  OPTnote = 	 {},
  OPTannote = 	 {}
}

@InProceedings{mod_verif_fmcad,
  author = 	 {Ravi, K. and {\it et al.}},
  title = 	 {{M}odular {V}erification of {M}ultipliers},
  OPTcrossref =  {},
  OPTkey = 	 {},
  booktitle = {Formal Methods in CAD},
  OPTpages = 	 {},
  year = 	 {1996},
  OPTeditor = 	 {},
  OPTvolume = 	 {},
  OPTnumber = 	 {},
  OPTseries = 	 {},
  OPTaddress = 	 {},
  OPTmonth = 	 {},
  OPTorganization = {},
  OPTpublisher = {},
  OPTnote = 	 {},
  OPTannote = 	 {}
}

@InProceedings{residue_bdd,
  author = 	 {Kimura, S.},
  title = 	 {{R}esidue {BDD} and its application to verification of
                  arithmetic circuits},
  OPTcrossref =  {},
  OPTkey = 	 {},
  booktitle = {Design Automation Conf.},
  OPTpages = 	 {},
  year = 	 {95},
  OPTeditor = 	 {},
  OPTvolume = 	 {},
  OPTnumber = 	 {},
  OPTseries = 	 {},
  OPTaddress = 	 {},
  OPTmonth = 	 {},
  OPTorganization = {},
  OPTpublisher = {},
  OPTnote = 	 {},
  OPTannote = 	 {}
}

@Article{gaut,
  author = 	 {Universite' de Bretagne Sud LESTER},
  title = 	 {GAUT, {A}rchitectural {S}ynthesis {T}ool},
  journal = 	 {http://lester.univ-ubs.fr:8080},
  year = 	 {2004},
  OPTkey = 	 {},
  volume = 	 {},
  number = 	 {},
  pages = 	 {},
  month = 	 {},
  OPTnote = 	 {},
  OPTannote = 	 {}
}


@Article{berlekamp:factor,
  author = 	 {Berlekamp, E. R.},
  title = 	 {{F}actoring {P}olynomials over {F}inite {F}ields},
  journal = 	 {Bell Sys. Tech. Journal},
  year = 	 {1967},
  OPTkey = 	 {},
  volume = 	 {46},
  OPTnumber = 	 {},
  pages = 	 {1853-1859},
  OPTmonth = 	 {},
  OPTnote = 	 {},
  OPTannote = 	 {}
}



@InProceedings{shoup:issac00,
  author = 	 {Abbot, J. and Shoup, V. and Zimmermann, P.},
  title = 	 {Factorization in Z[x]: the searching phase},
  OPTcrossref =  {},
  OPTkey = 	 {},
  booktitle = {Proc. Intl. Symp. Symbolic and Algebraic Comp.},
  OPTpages = 	 {},
  year = 	 {2000},
  OPTeditor = 	 {},
  OPTvolume = 	 {},
  OPTnumber = 	 {},
  OPTseries = 	 {},
  OPTaddress = 	 {},
  OPTmonth = 	 {},
  OPTorganization = {},
  OPTpublisher = {},
  OPTnote = 	 {},
  OPTannote = 	 {}
}

@Article{Shoup95,
  author = 	 {Shoup, V.},
  title = 	 {{A} {N}ew {P}olynomial {F}actorization {A}lgorithm
                  and its {I}mplementation},
  journal = 	 {Journal of Symbolic Computation},
  year = 	 {1995},
  OPTkey = 	 {},
  volume = 	 {20},
  OPTnumber = 	 {},
  pages = 	 {363-397},
  OPTmonth = 	 {},
  OPTnote = 	 {},
  OPTannote = 	 {}
}

@Book{Maple:book,
  author = 	 {Heck, A.},
  ALTeditor = 	 {},
  title = 	 {{I}ntroduction to {M}aple},
  publisher = 	 {Springer-Verlag},
  year = 	 {1993},
  OPTkey = 	 {},
  OPTvolume = 	 {},
  OPTnumber = 	 {},
  OPTseries = 	 {},
  OPTaddress = 	 {},
  OPTedition = 	 {},
  OPTmonth = 	 {},
  OPTnote = 	 {},
  OPTannote = 	 {}
}

@Article{musser,
  author = 	 {Musser, D.},
  title = 	 {Multivariate polynomial factorization},
  journal = 	 {Journal of the ACM},
  year = 	 {1975},
  OPTkey = 	 {},
  volume = 	 {22},
  number = 	 {2},
  pages = 	 {291-308},
  OPTmonth = 	 {},
  OPTnote = 	 {},
  OPTannote = 	 {}
}

@Article{cantor:factor,
  author = 	 {Cantor, D. and Zassenhaus, H.},
  title = 	 {{A} {N}ew {A}lgorithm for {F}actoring {P}olynomials
                  over {F}inite {F}ields},
  journal = 	 {Mathematics of computation},
  year = 	 {1981},
  OPTkey = 	 {},
  volume = 	 {36},
  number = 	 {154},
  pages = 	 {587-592},
  OPTmonth = 	 {},
  OPTnote = 	 {},
  OPTannote = 	 {}
}

@Article{zassenhaus:factor,
  author = 	 {Zassenhaus, H.},
  title = 	 {{O}n {H}ensel {F}actorization},
  journal = 	 {Journal of Number Theory},
  year = 	 {1969},
  OPTkey = 	 {},
  volume = 	 {1},
  OPTnumber = 	 {},
  pages = 	 {291-311},
  OPTmonth = 	 {},
  OPTnote = 	 {},
  OPTannote = 	 {}
}

@PhdThesis{buchberger_thesis,
  author = 	 {Buchberger, B.},
  title = 	 {{E}in {A}lgorithmus zum {A}uffinden der
                  {B}asiselemente des {R}estklassenringes nach einem
                  nulldimensionalen {P}olynomideal},
  school = 	 {Philosophiesche Fakultat an der
                  Leopold-Franzens-Universitat, Austria},
  year = 	 {1965},
  OPTkey = 	 {},
  OPTtype = 	 {},
  OPTaddress = 	 {},
  OPTmonth = 	 {},
  OPTnote = 	 {},
  OPTannote = 	 {}
}

@PhdThesis{brandon_thesis,
  author = 	 {Meredith, M. B.},
  title = 	 {{P}olynomial {F}unctions over {R}ings of {R}esidue {C}lasses of {I}ntegers},
  school = 	 {Georgia State University, Atlanta, Georgia},
  year = 	 {2007},
  OPTkey = 	 {},
  OPTtype = 	 {},
  OPTaddress = 	 {},
  OPTmonth = 	 {},
  OPTnote = 	 {},
  OPTannote = 	 {}
}

@InProceedings{modd,
  author = 	 {Jabir, A. and Pradhan D.},
  title = 	 {{MODD}: {A} {N}ew {D}ecision {D}iagram and
                  {R}epresentation for {M}ultiple {O}utput {B}inary {F}unctions}, 
  booktitle = 	 {Design, Automation and Test in Europe, DATE},
  OPTcrossref =  {},
  OPTkey = 	 {},
  OPTpages = 	 {},
  year = 	 {2004},
  OPTeditor = 	 {},
  OPTvolume = 	 {},
  OPTnumber = 	 {},
  OPTseries = 	 {},
  OPTaddress = 	 {},
  month = 	 {},
  OPTorganization = {},
  OPTpublisher = {},
  OPTnote = 	 {},
  OPTannote = 	 {}
}

@Article{buchberger_2,
  author = 	 {Buchberger, B.},
  title = 	 {{A} {T}heoretical {B}asis for {R}eduction of
                  {P}olynomials to {C}anonical {F}orms}, 
  journal = 	 {ACM SIG-SAM Billetin},
  year = 	 {1976},
  OPTkey = 	 {},
  volume = 	 {10},
  number = 	 {3},
  pages = 	 {19-29},
  OPTmonth = 	 {},
  OPTnote = 	 {},
  OPTannote = 	 {}
}

@Article{buchberger,
  author = 	 {Buchberger, B.},
  title = 	 {{S}ome {P}roperties of {G}robner {B}ases for
                  {P}olynomial {I}deals},
  journal = 	 {ACM SIG-SAM Billetin},
  year = 	 {1976},
  OPTkey = 	 {},
  OPTvolume = 	 {},
  OPTnumber = 	 {},
  OPTpages = 	 {},
  OPTmonth = 	 {},
  OPTnote = 	 {},
  OPTannote = 	 {}
}



@InProceedings{buchberger:82,
  author = 	 {Moller, H. and Buchberger, E.},
  title = 	 {The Construction of Multivariate Polynomials with
                  Pre-assigned Zeros}, 
  OPTcrossref =  {},
  OPTkey = 	 {},
  booktitle = {Proc. of EUROCAM '82},
  pages = 	 {24-31},
  year = 	 {1982},
  OPTeditor = 	 {},
  OPTvolume = 	 {},
  OPTnumber = 	 {},
  OPTseries = 	 {},
  OPTaddress = 	 {},
  OPTmonth = 	 {},
  OPTorganization = {},
  OPTpublisher = {},
  OPTnote = 	 {},
  OPTannote = 	 {}
}

@InProceedings{galois,
  author = 	 {Pradhan, D. and Askar, S. and Ciesieski, M.},
  title = 	 {{M}athematical {F}ramework for {R}epresenting {D}iscrete
                  {F}unctions as {W}ord-level {P}olynomials},
  booktitle = 	 {IEEE Intl. High Level Design Validation and Test Workshop,
                  HLDVT-03},
  OPTcrossref =  {},
  OPTkey = 	 {},
  pages = 	 {135-139},
  year = 	 {2003},
  OPTeditor = 	 {},
  OPTvolume = 	 {},
  OPTnumber = 	 {},
  OPTseries = 	 {},
  OPTaddress = 	 {},
  month = 	 {},
  OPTorganization = {},
  OPTpublisher = {},
  OPTnote = 	 {},
  OPTannote = 	 {}
}


@Article{pradhan_galois,
  author = 	 {Pradhan, D.},
  title = 	 {{A} {T}heory of {G}alois {S}witching {F}unctions},
  journal = 	 {IEEE Trans. on Computers},
  year = 	 {1978},
  OPTkey = 	 {},
  volume = 	 {C-27},
  number = 	 {3},
  pages = 	 {239-248},
  OPTmonth = 	 {},
  OPTnote = 	 {},
  OPTannote = 	 {}
}

@InProceedings{interval_dd,
  author = 	 {Strehl, K.},
  title = 	 {{I}nterval {D}iagrams: {I}ncreasing {E}fficiency of
                  {S}ymbolic {R}eal-{T}ime {V}erification},  
  OPTcrossref =  {},
  OPTkey = 	 {},
  booktitle = {Intl. Conf. on Real Time Computing systems and Applications},
  OPTpages = 	 {},
  year = 	 {1999},
  OPTeditor = 	 {},
  OPTvolume = 	 {},
  OPTnumber = 	 {},
  OPTseries = 	 {},
  OPTaddress = 	 {},
  OPTmonth = 	 {},
  OPTorganization = {},
  OPTpublisher = {},
  OPTnote = 	 {},
  OPTannote = 	 {}
}


@InProceedings{polynomial_sanchez99,
  author = 	 {Sanchez, P. and Dey, S.},
  title = 	 {{S}imulation-{B}ased {S}ystem-{L}evel {V}erification
                  using {P}olynomials}, 
  OPTcrossref =  {},
  OPTkey = 	 {},
  booktitle = {High-Level Design Validation \& Test Workshop, HLDVT},
  OPTpages = 	 {},
  year = 	 {1999},
  OPTeditor = 	 {},
  OPTvolume = 	 {},
  OPTnumber = 	 {},
  OPTseries = 	 {},
  OPTaddress = 	 {},
  OPTmonth = 	 {},
  OPTorganization = {},
  OPTpublisher = {},
  OPTnote = 	 {},
  OPTannote = 	 {}
}

@InProceedings{sanchez_interval,
  author = 	 {Ugarte, I. and Sanchez, P.},
  title = 	 {{U}sing {M}odified {I}nterval {A}nalysis in {S}ystem {V}erification}, 
  OPTcrossref =  {},
  OPTkey = 	 {},
  booktitle = {DCIS},
  OPTpages = 	 {},
  year = 	 {2003},
  OPTeditor = 	 {},
  OPTvolume = 	 {},
  OPTnumber = 	 {},
  OPTseries = 	 {},
  OPTaddress = 	 {},
  OPTmonth = 	 {},
  OPTorganization = {},
  OPTpublisher = {},
  OPTnote = 	 {},
  OPTannote = 	 {}
}

@Book{interval:book,
  author = 	 {Benhamou, F.},
  ALTeditor = 	 {},
  title = 	 {{I}nterval {C}onstraints},
  publisher = 	 {Kluwer},
  year = 	 {1999},
  OPTkey = 	 {},
  OPTvolume = 	 {},
  OPTnumber = 	 {},
  series = 	 {Encyclopedia of Optimization},
  OPTaddress = 	 {Norwell, MA},
  OPTedition = 	 {},
  OPTmonth = 	 {},
  OPTnote = 	 {},
  OPTannote = 	 {}
}

@Book{ideal:book,
  author = 	 {Cox, D. and Little, J. and O'Shea, D.},
  ALTeditor = 	 {},
  title = 	 {{I}deals, {V}arieties and {A}lgorithms}, 
  publisher = 	 {Springer-Verlag},
  year = 	 { 1997},
  OPTkey = 	 {},
  OPTvolume = 	 {},
  OPTnumber = 	 {},
  OPTseries = 	 {},
  OPtaddress = 	 {Norwell, MA},
  OPTedition = 	 {},
  OPTmonth = 	 {},
  OPTnote = 	 {},
  OPTannote = 	 {}
}


@Book{ug_algebra:book,
  author = 	 {Norman, C. W.},
  ALTeditor = 	 {},
  title = 	 {{U}ndergraduate {A}lgebra}, 
  publisher = 	 {Oxford Science Publications},
  year = 	 {1986},
  OPTkey = 	 {},
  OPTvolume = 	 {},
  OPTnumber = 	 {},
  OPTseries = 	 {},
  OPtaddress = 	 {Norwell, MA},
  OPTedition = 	 {},
  OPTmonth = 	 {},
  OPTnote = 	 {},
  OPTannote = 	 {}
}

@Book{alg_comp_algebra:book,
  author = 	 {Geddes, K. and Czapor, S. and Labahn, G.},
  ALTeditor = 	 {},
  title = 	 {{A}lgorithms for {C}omputer {A}lgebra}, 
  publisher = 	 {Kluwer},
  year = 	 {1992},
  OPTkey = 	 {},
  OPTvolume = 	 {},
  OPTnumber = 	 {},
  OPTseries = 	 {},
  address = 	 {Norwell, MA},
  OPTedition = 	 {},
  OPTmonth = 	 {},
  OPTnote = 	 {},
  OPTannote = 	 {}
}

@Book{grobner:book,
  author = 	 {Becker, T. and Weispfenning, V.},
  ALTeditor = 	 {},
  title = 	 {{G}robner {B}ases: {A} {C}omputational {A}pproach to
                  {C}ommutative {A}lgebra}, 
  publisher = 	 {Springer-Verlag},
  year = 	 {1993},
  OPTkey = 	 {},
  OPTvolume = 	 {},
  OPTnumber = 	 {},
  OPTseries = 	 {},
  OPTaddress = 	 {Cambridge, U.K.},
  OPTedition = 	 {},
  OPTmonth = 	 {},
  OPTnote = 	 {},
  OPTannote = 	 {}
}


@Article{lenstra,
  author = 	 {Lenstra, A. and Lenstra, H. and Lovasz, L.},
  title = 	 {Factoring Polynomials with Rational Coefficients},
  journal = 	 {Mathematische Annalen},
  year = 	 {1982},
  OPTkey = 	 {},
  volume = 	 {261},
  OPTnumber = 	 {},
  pages = 	 {515-534},
  OPTmonth = 	 {},
  OPTnote = 	 {},
  OPTannote = 	 {}
}

@Article{gathen:survey,
  author = 	 {von zur Gathen, J. and  Panario, D.},
  title = 	 {Factoring Polynomials Over Finite Fields: A Survey},
  journal = 	 {Journal of Symb. Comp.},
  year = 	 {2001},
  OPTkey = 	 {},
  volume = 	 {31},
  OPTnumber = 	 {},
  pages = 	 {3-17},
  OPTmonth = 	 {},
  OPTnote = 	 {},
  OPTannote = 	 {}
}

@InBook{gathen:bookchapter,
  ALTauthor = 	 {},
  editor = 	 {Mikhalev, A. and Pilz, G.},
  title = 	 {The Concise Handbook of Algebra},
  chapter = 	 {Factorization and Decomposition of Polynomials},
  publisher = 	 {Kluwer},
  year = 	 {},
  OPTkey = 	 {},
  OPTvolume = 	 {},
  OPTnumber = 	 {},
  OPTseries = 	 {},
  OPTtype = 	 {},
  OPTaddress = 	 {},
  OPTedition = 	 {},
  OPTmonth = 	 {},
  pages = 	 {159-161},
  OPTnote = 	 {},
  OPTannote = 	 {}
}

@Article{gathen:85,
  author = 	 {von zur Gathen, J. and Kaltofen, E.},
  title = 	 {Factoring multivariate polynomials over finite fields},
  journal = 	 {Math. Comput.},
  year = 	 {1985},
  OPTkey = 	 {},
  volume = 	 {45},
  OPTnumber = 	 {},
  pages = 	 {251-261},
  OPTmonth = 	 {},
  OPTnote = 	 {},
  OPTannote = 	 {}
}

@Book{comp_algebra:book,
  author = 	 {von zur Gatehn, J. and Gerhard, J.},
  ALTeditor = 	 {},
  title = 	 {{M}odern {C}omputer {A}lgebra}, 
  publisher = 	 {Cambridge University Press},
  year = 	 {1999},
  OPTkey = 	 {},
  OPTvolume = 	 {},
  OPTnumber = 	 {},
  OPTseries = 	 {},
  address = 	 {Cambridge, U.K.},
  OPTedition = 	 {},
  OPTmonth = 	 {},
  OPTnote = 	 {},
  OPTannote = 	 {}
}


@Book{algebra_application:book,
  author = 	 {Gilbert, W. and Nicholson, W.},
  ALTeditor = 	 {},
  title = 	 {{M}odern {A}lgebra with {A}pplications}, 
  publisher = 	 {Wiley Interscience},
  year = 	 {2004},
  OPTkey = 	 {},
  OPTvolume = 	 {},
  OPTnumber = 	 {},
  OPTseries = 	 {},
  address = 	 {Hoboken, N. J.},
  OPTedition = 	 {},
  OPTmonth = 	 {},
  OPTnote = 	 {},
  OPTannote = 	 {}
}

@Book{allenby:book,
  author = 	 {Allenby, R. J. B. T.},
  ALTeditor = 	 {},
  title = 	 {{R}ings, {F}ields, and {G}roups: {A}n {I}ntroduction to {A}bstract {A}lgebra},
  publisher = 	 {E. J. Arnold},
  year = 	 {1983},
  OPTkey = 	 {},
  OPTvolume = 	 {},
  OPTnumber = 	 {},
  OPTseries = 	 {},
  OPTaddress = 	 {London, U.K.},
  OPTedition = 	 {},
  OPTmonth = 	 {},
  OPTnote = 	 {},
  OPTannote = 	 {}
}


@InProceedings{phdd,
 author = {Chen, Y. A. and Bryant, R. E.},
 title = {{*PHDD}: {A}n {E}fficient {G}raph {R}epresentation for
                  {F}loating {P}oint {V}erification},  
 booktitle = {Proc. ICCAD},
 year = {1997},
 isbn = {},
 OPTpages = {},
 location = {},
 doi = {},
 publisher = {},
 }


@Book{CLR:book,
  author = 	 {Cormen, T. and Leiserson, R. and Rivest, R.},
  ALTeditor = 	 {},
  title = 	 {{I}ntroduction to {A}lgorithms},
  publisher = 	 {McGraw Hill},
  year = 	 {1990},
  OPTkey = 	 {},
  OPTvolume = 	 {},
  OPTnumber = 	 {},
  OPTseries = 	 {},
  OPTaddress = 	 {},
  OPTedition = 	 {},
  OPTmonth = 	 {},
  OPTnote = 	 {},
  OPTannote = 	 {}
}

@Misc{hldvt_panel,
  OPTkey = 	 {},
  OPTauthor = 	 {},
  title = 	 {{T}he {N}ext {B}ig {T}hing in {S}imulation-{B}ased
                  {V}alidation}, 
  howpublished = {Panel Discussion},
  month = 	 {Nov.},
  year = 	 {2003},
  OPTnote = 	 {},
  OPTannote = 	 {}
}

@InProceedings{hmetis,
 author = {Karypis, G. and Aggarwal, R. and Kumar, V. and Shekhar, S.},
 title = {{M}ultilevel {H}ypergraph {P}artitioning: {A}pplication in {VLSI} {D}o
main},
 booktitle = {Proc. DAC},
 year = {1997},
 isbn = {},
 pages = {526--529},
 location = {},
 doi = {},
 publisher = {},
 }

@InProceedings{khmetis,
 author = {Karypis, G. and Kumar, V.},
 title = {{M}ultilevel k-way {H}ypergraph {P}artitioning},
 booktitle = {Proc. DAC},
 year = {1999},
 isbn = {},
 pages = {343--348},
 location = {},
 doi = {},
 publisher = {},
 }

@Misc{specman,
  OPTkey = 	 {},
  author = 	 {Verisity - Specman Elite},
  title = 	 {Testbench Automation},
  howpublished = {http://www.verisity.com/products/specman.html},
  OPTmonth = 	 {},
  OPTyear = 	 {},
  OPTnote = 	 {},
  OPTannote = 	 {}
}

@Article{tcad:cyang,
  author = 	 {Yang, C. and Ciesielski, M.},
  title = 	 {{BDS}: A {BDD}-{B}ased {L}ogic {D}ecomposition {S}ystem}, 
  journal = 	 {IEEE Trans. CAD},
  year = 	 {2002},
  OPTkey = 	 {},
  volume = 	 {21},
  number = 	 {7},
  pages = 	 {866-876},
  OPTmonth = 	 {},
  OPTnote = 	 {},
  OPTannote = 	 {}
}

@Misc{Maple,
  OPTkey = 	 {},
  author = 	 {Maple},
  OPTtitle = 	 {},
  howpublished = {http://www.maplesoft.com},
  OPTmonth = 	 {},
  OPTyear = 	 {},
  OPTnote = 	 {},
  OPTannote = 	 {}
}

@Misc{Mathematica,
  OPTkey = 	 {},
  author = 	 {Mathematica},
  OPTtitle = 	 {},
  howpublished = {http://www.wri.com},
  OPTmonth = 	 {},
  OPTyear = 	 {},
  OPTnote = 	 {},
  OPTannote = 	 {}
}

@InProceedings{demicheli:iccad_98,
 author = {Smith, J. and DeMicheli, G.},
 title = {Polynomial methods for component matching and verification},
 booktitle = {In Proc. ICCAD},
 year = {1998},
 OPTpages = {},
 }

@InProceedings{demicheli:dac_99,
 author = {Smith, J. and DeMicheli, G.},
 title = {Polynomial methods for allocating complex components},
 booktitle = {Proc. DATE},
 year = {1999},
 OPTpages = {},
 }



@Article{demicheli:tcad_03,
  author = 	 {Peymandoust, A. and DeMicheli, G.},
  title = 	 {{A}pplication of {S}ymbolic {C}omputer {A}lgebra in
                  {H}igh-{L}evel {D}ata-{F}low {S}ynthesis}, 
  journal = 	 {IEEE Trans. CAD},
  year = 	 {2003},
  OPTkey = 	 {},
  volume = 	 {22},
  number = 	 {9},
  pages = 	 {1154-11656},
  OPTmonth = 	 {},
  OPTnote = 	 {},
  OPTannote = 	 {}
}


@Article{davio:taylor_philips,
  author = 	 {Bioul, G. and Davio, M.},
  title = 	 {{T}aylor {E}xpansion of {B}oolean {F}unctions and of their {D}erivatives},
  journal = 	 {Philips Research Reports},
  year = 	 {1972},
  OPTkey = 	 {},
  volume = 	 {27},
  number = 	 {1},
  pages = 	 {1-6},
  OPTmonth = 	 {},
  OPTnote = 	 {},
  OPTannote = 	 {}
}

@Article{davio:taylor_tcomp,
  author = 	 {Thayse, A. and Davio, M.},
  title = 	 {{B}oolean {D}ifferential {C}alculus and its {A}pplication to {S}witching {T}heory},
  journal = 	 {IEEE Trans. on Comp.},
  year = 	 {1973},
  OPTkey = 	 {},
  volume = 	 {C-22},
  number = 	 {4},
  pages = 	 {409-420},
  OPTmonth = 	 {},
  OPTnote = 	 {},
  OPTannote = 	 {}
}


@Article{fadi:tcad_aug_03,
  author = 	 {Aloul, F. and {\it et al.}},
  title = 	 {{S}atometer: {H}ow {M}uch {H}ave {W}e {S}earched?},
  journal = 	 {IEEE Trans. CAD},
  year = 	 {2003},
  OPTkey = 	 {},
  volume = 	 {22},
  number = 	 {8},
  pages = 	 {995-1004},
  OPTmonth = 	 {},
  OPTnote = 	 {},
  OPTannote = 	 {}
}


@Misc{ugreform,
  OPTkey = 	 {},
  author = 	 {Furse, C.},
  title = 	 {Integrated System-Level Design in Electrical Engineering},
  howpublished = {Proposal submitted to the NSF Undergraduate Reform Program},
  month = 	 {July},
  year = 	 {2003},
  OPTnote = 	 {},
  OPTannote = 	 {}
}



@InProceedings{Kantrowitz:dac96,
 author = {Kantrowitz, M. and Noack, L.},
 title = {{I}'m {D}one {S}imulating; {N}ow {W}hat?},
 booktitle = {In Proc. DAC},
 year = {1996},
 OPTpages = {},
 }



@InProceedings{sivaram:hldvt03,
 author = {Gopalakrishnan, S. and Durairaj, V. and Kalla, P.},
 title = {{O}n the {I}ntegration of {CNF} and {BDD}-based {SAT} {S}olvers},
 booktitle = {High-Level Design Validation and Test Workshop},
 year = {2003},
 OPTpages = {},
 }

@InProceedings{sivaram:dac04,
 author = {Gopalakrishnan, S. and Durairaj, V. and Kalla, P.},
 title = {{CNF+BDD}s: {A}n {I}ntegrated {A}pproach to {B}oolean {SAT}},
 booktitle = {review, DAC},
 year = {2004},
 OPTpages = {},
 }

@InProceedings{vijay:dac04,
 author = {Durairaj, V. and Kalla, P.},
 title = {{P}artitioning {B}ased {A}pproaches to {B}oolean {SAT}},
 booktitle = {review, DAC},
 year = {2004},
 OPTpages = {},
 }

@InProceedings{namrata:iwls04,
 author = {Shekhar, N. and Kalla, P.},
 title = {{I}ntegrated {S}olutions for {W}ord-{L}evel {S}atisfiability
                  using {M}athematical {P}rogramming},
 booktitle = {preperation, IWLS, ICCAD},
 year = {2004},
 OPTpages = {},
 }

@InProceedings{sivaram:aspdac,
 author = {Gopalakrishnan, S. and Kalla, P. and Enescu, F.},
 title = {{O}ptimization of {A}rithmetic {D}atapaths with {F}inite {W}ord-{L}ength {O}perands},
 booktitle = {Asia/South-Pacific Design Automation Conference},
 year = {2007},
 pages = {155-161},
 }

@Article{fund_algebra,
  author =       {Eaton, J. E.},
  title =        {{T}he {F}undamental {T}heorem of {A}lgebra},
  journal =      {American Mathematical Monthly},
  year =         {1960},
  OPTkey =       {},
  volume =       {67},
  number =       {6},
  OPTnumber =    {},
  pages =        {578-579},
  OPTmonth =     {},
  OPTnote =      {},
  OPTannote =    {}
}

@Book{knuth:prog,
  author =       {Knuth, D. E.},
  ALTeditor =    {},
  title =        {The Art of Computer Programming, Vol. II, Seminumerical Algorithms},
  publisher =    {Addison Wesley},
  year =         {1998},
  OPTkey =       {},
  OPTvolume =    {},
  OPTnumber =    {},
  OPTseries =    {},
  OPTaddress =   {},
  OPTedition =   {},
  OPTmonth =     {},
  OPTnote =      {},
  OPTannote =    {}
}

@InProceedings{sivaram:iwls06,
 author = {Gopalakrishnan, S. and Kalla, P. and Enescu, F.},
 title = {{O}ptimizing {F}ixed-{S}ize {B}it-{V}ector {A}rithmetic using {F}inite-{R}ing {A}lgebra},
 booktitle = {International Workshop on Logic and Synthesis},
 year = {2006},
 OPTpages = {},
 }

@InProceedings{brinkmann:asp-dac,
 author = {Brinkmann, R. and Drechsler, R.},
 title = {{RTL}-{D}atapath {V}erification using {I}nteger {L}inear {P}rogramming},
 booktitle = {Proc. ASP-DAC},
 year = {2002},
 OPTpages = {},
 }



@InProceedings{branching,
 author = {Silva, J. P. M.},
 title = {{T}he {I}mpact of {B}ranching {H}euristics in
                  {P}ropositional {S}atisfiability {A}lgorithms},
 booktitle = {Portuguese Conf. on Artificial Intelligence},
 year = {1999},
 OPTpages = {},
 }


@InProceedings{chai:DAC03,
 author = {Chai, D. and Kuehlmann, A.},
 title = {{A} {F}ast {P}seudo-{B}oolean {C}onstraint {S}olver},
 booktitle = {Proc. DAC},
 year = {2003},
 pages = {830--835},
 }


@InProceedings{Pilarski,
  author = 	 {Pilarski, S. and Hu, G.},
  title = 	 {{SAT} with {P}artial {C}lauses and {B}ackleaps},
  booktitle = 	 {In Proc. DAC},
  OPTcrossref =  {},
  OPTkey = 	 {},
  pages = 	 {743-746},
  year = 	 {2002},
  OPTeditor = 	 {},
  OPTvolume = 	 {},
  OPTnumber = 	 {},
  OPTseries = 	 {},
  OPTaddress = 	 {},
  OPTmonth = 	 {},
  OPTorganization = {},
  OPTpublisher = {},
  OPTnote = 	 {},
  OPTannote = 	 {}
}



@Article{groote,
  author = 	 {Groote, J. F. and Warners, J. P. },
  title = 	 {{T}he {P}roposition {F}ormula {C}hecker {H}eer{H}ugo},
  journal = 	 {Journal of Automated Reasoning},
  year = 	 {2001},
  OPTkey = 	 {},
  volume = 	 {24},
  number = 	 {1-2},
  pages = 	 {101-125},
  OPTmonth = 	 {},
  OPTnote = 	 {},
  OPTannote = 	 {}
}

@InProceedings{qsat,
  author = 	 {Plaisted, D. and Biere, A. and Zhu, Y. },
  title = 	 {{A} {S}atisfiability {P}rocedure for {Q}uantified
                  {B}oolean {F}ormulae},
  booktitle = 	 {Discrete Applied Mathematics, Special Issue on
                  Intl. Symposium on Theory and Applications of
                  Satisfiability Testing}, 
  OPTcrossref =  {},
  OPTkey = 	 {},
  OPTpages = 	 {},
  year = 	 {2000},
  editor = 	 {P. Hammer},
  OPTvolume = 	 {},
  OPTnumber = 	 {},
  OPTseries = 	 {},
  OPTaddress = 	 {},
  OPTmonth = 	 {},
  OPTorganization = {},
  OPTpublisher = {},
  OPTnote = 	 {},
  OPTannote = 	 {}
}



@Article{walksat,
  author = 	 {Selman, B. and Kautz, H. and Cohen, B.},
  title = 	 {{L}ocal {S}earch {S}trategies for {S}atisfiability {T}esting},
  journal = 	 {DIMACS Series in Mathematics and Theoretical
                  Computer Science},
  year = 	 {1996},
  OPTkey = 	 {},
  volume = 	 {26},
  OPTnumber = 	 {},
  pages = 	 {521-532},
  OPTmonth = 	 {},
  OPTnote = 	 {},
  OPTannote = 	 {}
}



@Article{Shang:Lagrange,
  author = 	 {Shang, Y. and Wah, B. W. },
  title = 	 {{A} {D}iscrete {L}agrangian-{B}ased
                  {G}lobal-{S}earch {M}ethod for {S}olving
                  {S}atisfiability {P}roblems},
  journal = 	 {Journal of Global Optimization},
  year = 	 {1998},
  OPTkey = 	 {},
  volume = 	 {12},
  number = 	 {1},
  pages = 	 {61-99},
  OPTmonth = 	 {},
  OPTnote = 	 {},
  OPTannote = 	 {}
}


@InProceedings{bmc:powerpc,
  author = 	 {Biere, A. and Clarke, E. M.  and Raimi, R. and Zhu, Y.},
  title = 	 {{V}erifying {S}afety {P}roperties of a {P}ower{PC}
                  {M}icroprocessor {U}sing {S}ymbolic {M}odel
                  {C}hecking without {BDDs}},
  booktitle = 	 {In Proc. CAV},
  OPTcrossref =  {},
  OPTkey = 	 {},
  OPTpages = 	 {},
  year = 	 {1999},
  OPTeditor = 	 {},
  OPTvolume = 	 {},
  OPTnumber = 	 {},
  OPTseries = 	 {},
  OPTaddress = 	 {},
  OPTmonth = 	 {},
  OPTorganization = {},
  OPTpublisher = {},
  OPTnote = 	 {},
  OPTannote = 	 {}
}

@InProceedings{bmc,
  author = 	 {Biere, A. and Cimatti, A. and Clarke, E. M. and Zhu, Y.},
  title = 	 {{S}ymbolic {M}odel {C}hecking using {SAT} procedures
                  instead of {BDD}s },
  booktitle = 	 {In Proc. DAC},
  OPTcrossref =  {},
  OPTkey = 	 {},
  OPTpages = 	 {},
  year = 	 {1999},
  OPTeditor = 	 {},
  OPTvolume = 	 {},
  OPTnumber = 	 {},
  OPTseries = 	 {},
  OPTaddress = 	 {},
  OPTmonth = 	 {},
  OPTorganization = {},
  OPTpublisher = {},
  OPTnote = 	 {},
  OPTannote = 	 {}
}



@InProceedings{sam-bdd,
  author = 	 {Shekhar, N. and Kalla, P.},
  title = 	 {{A}n {I}nfrastructure for {E}fficient {V}erification
                  and {V}alidation},  
  booktitle = 	 {In Proc. IWLS},
  OPTcrossref =  {},
  OPTkey = 	 {},
  OPTpages = 	 {},
  year = 	 {2003},
  OPTeditor = 	 {},
  OPTvolume = 	 {},
  OPTnumber = 	 {},
  OPTseries = 	 {},
  OPTaddress = 	 {},
  OPTmonth = 	 {},
  OPTorganization = {},
  OPTpublisher = {},
  OPTnote = 	 {},
  OPTannote = 	 {}
}

@Book{spectra:book,
  author = 	 {Thornton, M. and Drechsler, R. and Miller, D. M.},
  ALTeditor = 	 {},
  title = 	 {Spectral Techniques in VLSI CAD},
  publisher = 	 {Kluwer Academic Publishers},
  year = 	 {2001},
  OPTkey = 	 {},
  OPTvolume = 	 {},
  OPTnumber = 	 {},
  OPTseries = 	 {},
  OPTaddress = 	 {},
  OPTedition = 	 {},
  OPTmonth = 	 {},
  OPTnote = 	 {},
  OPTannote = 	 {}
}

@InProceedings{arditi:bmd,
  author = 	 {Arditi, L.},
  title = 	 {{*BMD}s can {D}elay the use of {T}heorem {P}roving
                  for {V}erifying {A}rithmetic {A}ssembly {I}nstructions},
  booktitle = 	 {In Proc. Formal methods in CAD},
  OPTcrossref =  {},
  OPTkey = 	 {},
  OPTpages = 	 {},
  year = 	 {1996},
  editor = 	 {Srivas},
  OPTvolume = 	 {},
  OPTnumber = 	 {},
  OPTseries = 	 {},
  OPTaddress = 	 {},
  OPTmonth = 	 {},
  OPTorganization = {},
  publisher = {Springer-Verlag},
  OPTnote = 	 {},
  OPTannote = 	 {}
}



@Article{Huang:tcad01,
  author = 	 {Huang, C.-Y. and Cheng, K.-T. },
  title = 	 {{U}sing {W}ord-{L}evel {ATPG} and {M}odular {A}rithmetic
                  {C}onstraint {S}olving {T}echniques for {A}ssertion
                  {P}roperty {C}hecking},
  journal = 	 {IEEE Trans. CAD},
  year = 	 {2001},
  OPTkey = 	 {},
  volume = 	 {20},
  OPTnumber = 	 {},
  pages = 	 {381-391},
  OPTmonth = 	 {},
  OPTnote = 	 {},
  OPTannote = 	 {}
}



@InProceedings{capo,
  author = 	 {Caldwell, A. and Kahng, A. and Markov, I.},
  title = 	 {{I}mproved {A}lgorithms for {H}ypergraph {B}ipartitioning}, 
  booktitle = 	 {In Proc. Asia-Pacific DAC},
  OPTcrossref =  {},
  OPTkey = 	 {},
  OPTpages = 	 {},
  year = 	 {2000},
  OPTeditor = 	 {},
  OPTvolume = 	 {},
  OPTnumber = 	 {},
  OPTseries = 	 {},
  OPTaddress = 	 {},
  OPTmonth = 	 {},
  OPTorganization = {},
  OPTpublisher = {},
  OPTnote = 	 {},
  OPTannote = 	 {}
}


@Misc{Dimacs:benchmarks,
  OPTkey = 	 {},
  author = 	 {DIMACS},
  title = 	 {Benchmarks for Boolean SAT},
  howpublished = {ftp://dimacs.rutgers.edu/pub/challange/sat/benchmarks},
  OPTmonth = 	 {},
  OPTyear = 	 {},
  OPTnote = 	 {},
  OPTannote = 	 {}
}


@Misc{Velev:benchmarks,
  OPTkey = 	 {},
  author = 	 {Velev, M.},
  title = 	 {SAT Benchmarks for High-Level Microprocessor Validation},
  howpublished = {http://www.cs.cmu.edu/~mvelev},
  OPTmonth = 	 {},
  OPTyear = 	 {},
  OPTnote = 	 {},
  OPTannote = 	 {}
}



@InProceedings{ddd-csl99,
  author =       {J. M{\o}ller and J. Lichtenberg and 
                  H. R. Andersen and H. Hulgaard},
  title =        {Difference Decision Diagrams},
  booktitle =    {Computer Science Logic},
  year =         1999,
  address =      {The IT University of Copenhagen, Denmark},
  month =        sep
}


@MastersThesis{ddd-mt-98,
  author =       {Jesper~M{\o}ller and Jakob~Lichtenberg},
  title =        {Dif\-feren\-ce Decision Dia\-grams},
  school =       {Department of Information Technology, 
                  Technical University of Denmark},
  year =         1998,
  address =      {Building 344, DK-2800 Lyngby, Denmark},
  month =        aug
}



@InProceedings{wang:hldvt,
  author = 	 {Wang, D. and Clark, E. and Zhu, Y. and Kukula, J.},
  title = 	 {{U}sing {C}utwidth to {I}mprove {S}ymbolic
                  {S}imulation and {B}oolean {S}atisfiability},
  booktitle = 	 {In Proc. High-Level Design Validation and Test Workshop},
  OPTcrossref =  {},
  OPTkey = 	 {},
  OPTpages = 	 {},
  year = 	 {2001},
  OPTeditor = 	 {},
  OPTvolume = 	 {},
  OPTnumber = 	 {},
  OPTseries = 	 {},
  OPTaddress = 	 {},
  month = 	 {Nov.},
  OPTorganization = {},
  OPTpublisher = {},
  OPTnote = 	 {},
  OPTannote = 	 {}
}



@Inproceedings{Burch:CAV94,
  author = {Burch, J. and Dill, D.},
  title = {Automatic Verification of Pipelined Microprocessor Control},
  booktitle = {Computer Aided Verification},
  OPTcrossref =  {},
  OPTkey = 	 {},
  organization = {LCNS},
  OPTpages = {},
  OPTmonth = {July},
  year = {1994},
  OPTeditor = 	 {},
  OPTvolume = 	 {},
  OPTnumber = 	 {},
  OPTseries = 	 {},
  OPTaddress = 	 {},
  publisher = {Springer-Verlag},
  OPTnote = 	 {},
  OPTannote = 	 {}
 }



@Inproceedings{atpg_easy,
  author = {Prasad, M. and Chong, P. and Keutzer, K.},
  title = {{W}hy is {ATPG} {E}asy?},
  booktitle = {Design automation Conf.},
  OPTcrossref =  {},
  OPTkey = 	 {},
  OPTorganization = {},
  pages = {22-28},
  month = {June},
  year = {1999},
  OPTeditor = 	 {},
  OPTvolume = 	 {},
  OPTnumber = 	 {},
  OPTseries = 	 {},
  OPTaddress = 	 {},
  OPTpublisher = {},
  OPTnote = 	 {},
  OPTannote = 	 {}
 }


@Book{Bryant:iccad_review,
  author = 	 {Bryant, R. and Kukula, J.},
  OPTeditor = 	 {},
  title = 	 {{F}ormal {M}ethods for {F}unctional {V}erification},
  publisher = 	 {A. Keulhmann, ed., Kluwer Academic Publishers},
  year = 	 {2003},
  OPTkey = 	 {},
  OPTvolume = 	 {},
  OPTnumber = 	 {},
  series = 	 {The Best of ICCAD: 20 Years of Excellence in
                  Computer-Aided Design},
  OPTaddress = 	 {},
  OPTedition = 	 {},
  OPTmonth = 	 {},
  OPTnote = 	 {},
  OPTannote = 	 {}
}

@PhdThesis{zzeng_thesis,
  author =       {Zeng, Z.},
  title =        {{F}unctional {T}est {G}eneration based on
                  {W}ord-{L}evel {S}atisfiability}, 
  school =       {University of Massachusetts Amherst},
  year =         {2002},
  OPTkey =       {},
  OPTtype =      {},
  address =      {Dept. of ECE, UMASS, Amherst, MA-01003},
  OPTmonth =     {},
  OPTnote =      {},
  OPTannote =    {}
}

@Book{Hentenryck:89,
  author = 	 {Hentenryck, P. Van},
  ALTeditor = 	 {},
  title = 	 {{C}onstraint {S}atisfaction in {L}ogic {P}rogramming},
  publisher = 	 {MIT Press},
  year = 	 {1989},
  OPTkey = 	 {},
  OPTvolume = 	 {},
  OPTnumber = 	 {},
  series = 	 {Logic Programming Series},
  address = 	 {Cambridge, MA},
  OPTedition = 	 {},
  OPTmonth = 	 {},
  OPTnote = 	 {},
  OPTannote = 	 {}
}



@Article{Jaffar:JLP94,
  author = 	 {Jaffer, J. and Maher,M. },
  title = 	 {{C}onstraint {L}ogic {P}rogramming: {A} {S}urvey},
  journal = 	 {Journal of Logic Programming},
  year = 	 {1994},
  OPTkey = 	 {},
  volume = 	 {19 \& 20},
  OPTnumber = 	 {},
  pages = 	 {503-582},
  OPTmonth = 	 {},
  OPTnote = 	 {},
  OPTannote = 	 {}
}


@Article{Velev:JSC03,
  author = 	 {Velev, M. and Bryant, R.},
  title = 	 {{E}ffective use of {B}oolean {S}atisfiability
                  {P}rocedures in the {F}ormal {V}erification of
                  {S}uperscalar and {VLIW} {M}icroprocessors},
  journal = 	 {Journal of Symbolic Computation},
  year = 	 {2003},
  OPTkey = 	 {},
  volume = 	 {35},
  number = 	 {2},
  pages = 	 {73-106},
  OPTmonth = 	 {},
  OPTnote = 	 {},
  OPTannote = 	 {}
}

@Article{Velev:CL01,
  author = 	 {Bryant, R. and German, S. and Velev, M.},
  title = 	 {{P}rocessor {V}erification using {E}fficient
                  {R}eductions of the {L}ogic of {U}ninterpreted
                  {F}unctions to {P}ropositional {L}ogic},
  journal = 	 {ACM Trans. Computational Logic},
  year = 	 {2001},
  OPTkey = 	 {},
  volume = 	 {2},
  number = 	 {1},
  pages = 	 {1-41},
  OPTmonth = 	 {},
  OPTnote = 	 {},
  OPTannote = 	 {}
}

@Article{Lahiri:CAV02,
  author = 	 {Bryant, R. and Lahiri, S. and Seshia, S.},
  title = 	 {{M}odeling and {V}erifying {S}ystems using a {L}ogic
                  of {C}ounter {A}rithmetic with {L}ambda
                  {E}xpressions and {U}ninterpreted {F}unctions },
  journal = 	 {CAV},
  year = 	 {2002},
  OPTkey = 	 {},
  volume = 	 {},
  number = 	 {},
  pages = 	 {},
  OPTmonth = 	 {},
  OPTnote = 	 {},
  OPTannote = 	 {}
}




@Article{Goel:CAV98,
  author = 	 {Goel, A. and {\it et al.}},
  title = 	 {{BDD} {B}ased {P}rocedures for a {T}heory of
                  {E}quality with {U}ninterpreted {F}unctions},
  journal = 	 {CAV},
  year = 	 {1998},
  OPTkey = 	 {},
  volume = 	 {},
  number = 	 {},
  pages = 	 {244-255},
  OPTmonth = 	 {},
  OPTnote = 	 {},
  OPTannote = 	 {}
}


@Inproceedings{McMillan:CAV03,
  author = {McMillan, K. L.},
  title = {{I}nterpolation and {SAT}-{B}ased {M}odel {C}hecking},
  booktitle = {Computer Aided Verification},
  OPTcrossref =  {},
  OPTkey = 	 {},
  OPTorganization = {},
  pages = {1-13},
  month = {July},
  year = {2003},
  OPTeditor = 	 {},
  OPTvolume = 	 {},
  OPTnumber = 	 {},
  OPTseries = 	 {},
  OPTaddress = 	 {},
  OPTpublisher = {},
  OPTnote = 	 {},
  OPTannote = 	 {}
 }



@Inproceedings{AloulMneimnehSakallah2001,
       author = {Aloul, F. and Mneimneh, M. and Sakallah, K.},
       title = {Backtrack Search Using ZBDDs},
       booktitle = {International Workshop on Logic and Synthesis},
       OPTcrossref =  {},
       OPTkey = 	 {},
      OPTorganization = {},
       pages = {293-297},
       month = {June},
       year = {2001},
       OPTeditor = 	 {},
  OPTvolume = 	 {},
  OPTnumber = 	 {},
  OPTseries = 	 {},
  OPTaddress = 	 {},
  OPTpublisher = {},
  OPTnote = 	 {},
  OPTannote = 	 {}
 }

@Inproceedings{safemin,
       author = {Y. Hong, Peter A. Beerel, Jerry R. Burch and  Kenneth L. McMillan},
       title = {Safe BDD minimization using don't cares},
       booktitle = {DAC, pp208-213},
       organization = {},
       month = {},
       year = {1997}
 }

@Inproceedings{brace,
       author = {Karl S. Brace, Richard L. Rudell, Randal E. Bryant},
       title = {Efficient Implementation of A BDD Package},
       booktitle = {DAC, pp40-45},
       organization = {},
       month = {},
       year = {1990}
 }

@Inproceedings{Fadi,
       author = {Aloul, F. and Mneimeh, M. and Sakallah. K.},
       title = {Search-Based SAT Using Zero-Suppressed BDDs},
       booktitle = {DATE},
       organization = {University of Michigan},
       month = {},
       year = {2002}
 }

@Inproceedings{AloulMarkovSakallah2001,
       author = {Aloul, F. and  Markov, I. and Sakallah, K.},
       title = {MINCE: A Static Global Variable-Ordering for SAT and BDD},
       booktitle = {International Workshop on Logic and Synthesis},
       organization = {University of Michigan},
       month = {June},
       year = {2001}
 }

@Inproceedings{berkmin,
       author = {Goldberg, E. and Novikov, Y.},
       title = {{B}erk{M}in: {A} {F}ast and {R}obust {S}at-{S}olver},
       booktitle = {DATE, pp 142-149},
       organization = {},
       month = {},
       year = {2002}
 }

@Inproceedings{kukula,
       author = {Damiano, R. and Kukula, J.},
       title = {{C}hecking {S}atisfiability of a {C}onjunction of {BDD}s},
       booktitle = {DAC, pp 818-823},
       organization = {},
       month = {},
       year = {2003}
 }

@Inproceedings{dll,
       author = {Davis, M. and Logemann, G. and Loveland, D.},
       title = {A machine program for theorem proving},
       booktitle = {Communications of the ACM, 5:394-397},
       organization = {},
       month = {},
       year = {1962}
 }

@Inproceedings{Chatalic_1,
       author = {Chatalic, P. and Simon, L.},
       title = {Multi-Resolution on Compressed Sets of Clauses},
       booktitle = {Proc.of 12th International Conference on Tools with Artificial Intelligence (ICTAI)},
       organization = {},
       month = {Nov},
       year = {2000}
 }

@Inproceedings{Chatalic_2,
       author = {Chatalic, P. and Simon, L.},
       title = {ZRes: the old DP meets ZBDDS},
       booktitle = {Proc.of 17th Conf. of Autom. Deduction (CADE)},
       organization = {},
       month = {},
       year = {2000}
 }

@Inproceedings{Uribe,
       author = {Uribe, T. and Stickel, M.},
       title = {Ordered binary decision diagrams and the Davis-Putnam Procedure},
       booktitle = {In J.P. Jouannaud, editor, Ist Intl. Conf. on
                  Constraints in Comp. Logics, volume 845 of LNCS,
                  pp34-4}, 
       organization = {},
       month = {September},
       year = {1994}
 }

@Inproceedings{A_Gupta_4,
       author = {Gupta, A. and Yang, Z. and Ashar, P. and Zhang,
                  L. and Malik, S.},
       title = {{P}arition-{B}ased {D}ecision {H}euristics for {I}mage
                  {C}omputation using {SAT} and {BDDs}}, 
       booktitle = {In Proc. ICCAD},
       organization = {},
       month = {},
       year = {2001}
 }


@Inproceedings{A_Gupta_3,
       author = {Gupta, A. and Yang, Z. and Ashar, P. and Gupta, A.},
       title = {{SAT}-{B}ased {I}mage {C}omputation with {A}pplication
                  in {R}eachability {A}nalysis}, 
       booktitle = {In Proc. Formal Methods in CAD},
       organization = {},
       month = {},
       year = {2000}
 }

@Inproceedings{A_Gupta_1,
       author = {Gupta, A. and Ashar, P.},
       title = {Integrating a boolean satisfiability checker and bdds
                  for combinational equivalence checking}, 
       booktitle = {In Proc. Intl. Conf. on VLSI Design, pages 222-225},
       organization = {},
       month = {},
       year = {1997}
 }

@Inproceedings{A_Gupta_2,
       author = {Gupta, A. and {\it et al.}},
       title = {SAT-Based image computation with application in Reachability Analysis},
       booktitle = {Dagstuhl Seminar on Design and Test},
       organization = {},
       month = {},
       year = {2001}
 }

@Inproceedings{Reda,
       author = {Reda, S. and Salem, A.},
       title = {Combinational Equivalence checking using Boolean Satisfiability and BDDs},
       booktitle = {DATE},
       organization = {},
       month = {},
       year = {2001}
 }

@Inproceedings{CVC,
author =   "Aaron Stump and Clark W. Barrett and David L. Dill",
title=      {{CVC: A Cooperating Validity Checker}},
booktitle= "14th International Conference on Computer Aided Verification (CAV)",
series=    "Lecture Notes in Computer Science",
editor=    "Ed Brinksma and Kim Guldstrand Larsen",
publisher=  "Springer-Verlag",
volume=   "2404",
pages=   "500-504",
year=    "2002",
note=    "Copenhagen, Denmark"
}



@InProceedings{chaff:dac01,
  author = 	 {Moskewicz, M. and Madigan, C. and Zhao, L. and Malik, S.},
  title = 	 {{CHAFF}: {E}ngineering and {E}fficient {SAT} {S}olver},
  booktitle = 	 {In Proc. Design Automation Conference},
  OPTcrossref =  {},
  OPTkey = 	 {},
  pages = 	 {530-535},
  year = 	 {2001},
  OPTeditor = 	 {},
  OPTvolume = 	 {},
  OPTnumber = 	 {},
  OPTseries = 	 {},
  OPTaddress = 	 {},
  month = 	 {June},
  OPTorganization = {},
  OPTpublisher = {},
  OPTnote = 	 {},
  OPTannote = 	 {}
}


@InProceedings{sato,
  author = 	 {Zhang, H.},
  title = 	 {{SATO}: {A}n {E}fficient {P}ropositional {P}rover},
  booktitle = 	 {In Proc. Conference on Automated Deduction},
  OPTcrossref =  {},
  OPTkey = 	 {},
  pages = 	 {272-275},
  year = 	 {1997},
  OPTeditor = 	 {},
  OPTvolume = 	 {},
  OPTnumber = 	 {},
  OPTseries = 	 {},
  OPTaddress = 	 {},
  month = 	 {},
  OPTorganization = {},
  OPTpublisher = {},
  OPTnote = 	 {},
  OPTannote = 	 {}
}

@TechReport{bdd_andersen,
  author = 	 {Andersen, H. R.},
  title = 	 {{A}n {I}ntroduction to {B}inary {D}ecision {D}iagrams},
  institution =  {Dept. of Information Technology, Technical Univ. of Denmark},
  year = 	 {1997},
  OPTkey = 	 {},
  type = 	 {Lecture notes for Advanced Algorithms E97},
  OPTnumber = 	 {},
  OPTaddress = 	 {},
  month = 	 {Oct.},
  OPTnote = 	 {},
  OPTannote = 	 {}
}

@MastersThesis{jain_thesis,
  author = 	 {Jain, P.},
  title = 	 {{P}arameterized {M}otion {E}stimation {A}rchitecture
                  {F}or {D}ynamically {V}arying {P}ower and
                  {C}ompression {R}equirements},
  school = 	 {Dept. of Electrical and Computer Engineering,
                  University of Massachusetts}, 
  year = 	 {2002},
  OPTkey = 	 {},
  OPTtype = 	 {},
  OPTaddress = 	 {},
  OPTmonth = 	 {},
  OPTnote = 	 {},
  OPTannote = 	 {}
}

@Book{kryszig,
  author = 	 {Kryrszig, E.},
  ALTeditor = 	 {},
  title = 	 {{A}dvanced {E}ngineering {M}athematics},
  publisher = 	 {John Wiley and Sons, Inc.},
  year = 	 {1999},
  OPTkey = 	 {},
  OPTvolume = 	 {},
  OPTnumber = 	 {},
  OPTseries = 	 {},
  OPTaddress = 	 {},
  OPTedition = 	 {},
  OPTmonth = 	 {},
  OPTnote = 	 {},
  OPTannote = 	 {}
}

@Article{lee:bdd,
  author = 	 {Lee, C.},
  title = 	 {{R}epresentation of {S}witching {C}ircuits by
                  {B}inary {D}ecision {D}iagrams},
  journal = 	 {Bell Systems Technical Journal},
  year = 	 {1959},
  OPTkey = 	 {},
  volume = 	 {38},
  OPTnumber = 	 {},
  pages = 	 {985-999},
  month = 	 {July},
  OPTnote = 	 {},
  OPTannote = 	 {}
}


@Article{akers:bdd,
  author = 	 {Akers, S.},
  title = 	 {{B}inary {D}ecision {D}iagrams},
  journal = 	 {IEEE Transactions on Computers},
  year = 	 {1978},
  OPTkey = 	 {},
  volume = 	 {C-27},
  OPTnumber = 	 {},
  pages = 	 {509-516},
  month = 	 {June},
  OPTnote = 	 {},
  OPTannote = 	 {}
}

@Book{papadimitriou:book,
  author = 	 {Papadimitriou, C. H.},
  ALTeditor = 	 {},
  title = 	 {Computational Complexity},
  publisher = 	 {Addison-Wesley},
  year = 	 {1994},
  OPTkey = 	 {},
  OPTvolume = 	 {},
  OPTnumber = 	 {},
  OPTseries = 	 {},
  OPTaddress = 	 {},
  OPTedition = 	 {},
  OPTmonth = 	 {},
  OPTnote = 	 {},
  OPTannote = 	 {}
}

@Book{hill_peterson,
  author = 	 {Hill, F. and Peterson, G.},
  ALTeditor = 	 {},
  title = 	 {{I}ntroduction to {S}witching {T}heory and {D}igital
                  {D}esign},
  publisher = 	 {John Wiley and Sons},
  year = 	 {1981},
  OPTkey = 	 {},
  OPTvolume = 	 {},
  OPTnumber = 	 {},
  OPTseries = 	 {},
  address = 	 {1981},
  OPTedition = 	 {},
  OPTmonth = 	 {},
  OPTnote = 	 {},
  OPTannote = 	 {}
}

@Misc{CUDD97,
  OPTkey = 	 {},
  author = 	 {Somenzi, F.},
  title = 	 {{C}olorado {D}ecision {D}iagram {P}ackage},
  howpublished = {Computer Programme},
  OPTmonth = 	 {},
  year = 	 {1997},
  OPTnote = 	 {},
  OPTannote = 	 {}
}


@Unpublished{ted_tcomp,
  author = 	 {Ciesielki, M. and Kalla, P. and Askar, S.},
  title = 	 {{T}aylor {E}xpansion {D}iagrams: {A} {C}anonical
                  {R}epresentation for {H}igh-{L}evel 
                  {D}esign {V}erification},
  note = 	 {in review, IEEE Trans. on Computers},
  OPTkey = 	 {},
  OPTmonth = 	 {},
  OPTyear = 	 {},
  OPTannote = 	 {}
}

@InProceedings{ted_date,
  author = 	 {Ciesielski, M. and Kalla, P. and Zheng, Z. and Rouzyere, B.},
  title = 	 {{T}aylor {E}xpansion {D}iagrams: {A} {C}ompact
                  {C}anonical {R}epresentation with {A}pplications to
                  {S}ymbolic {V}erification}, 
  booktitle = 	 {Proc. Design Automation and Test in Europe, DATE'02},
  OPTcrossref =  {},
  OPTkey = 	 {},
  OPTpages = 	 {},
  year = 	 {2002},
  OPTeditor = 	 {},
  OPTvolume = 	 {},
  OPTnumber = 	 {},
  OPTseries = 	 {},
  OPTaddress = 	 {},
  month = 	 {Mar},
  OPTorganization = {},
  OPTpublisher = {},
  OPTnote = 	 {},
  OPTannote = 	 {}
}

@InProceedings{ted_hldvt,
  author = 	 {Ciesielski, M. and Kalla, P. and Zheng, Z. and Rouzyere, B.},
  title = 	 {{T}aylor {E}xpansion {D}iagrams: {A} {N}ew
                  {R}epresentation {F}or {RTL} {V}erification},
  booktitle = 	 {In Proc. High-Level Design Validation and Test Workshop},
  OPTcrossref =  {},
  OPTkey = 	 {},
  pages = 	 {70-75},
  year = 	 {2001},
  OPTeditor = 	 {},
  OPTvolume = 	 {},
  OPTnumber = 	 {},
  OPTseries = 	 {},
  OPTaddress = 	 {},
  month = 	 {Nov.},
  OPTorganization = {},
  OPTpublisher = {},
  OPTnote = 	 {},
  OPTannote = 	 {}
}


@InCollection{Boppana_sipser:90,
  author = 	 {Boppana, R. and Sipser, M.},
  title = 	 {The {C}omplexity of {F}inite {F}unctions},
  booktitle = 	 {Algorithms and Complexity},
  OPTcrossref =  {},
  OPTkey = 	 {},
  OPTpages = 	 {},
  publisher = {MIT Press},
  year = 	 {1990},
  editor = 	 {J. van Leeuwen},
  volume = 	 {A},
  OPTnumber = 	 {},
  series = 	 {Handbook of Theoretical Computer Science},
  OPTtype = 	 {},
  OPTchapter = 	 {},
  OPTaddress = 	 {},
  OPTedition = 	 {},
  OPTmonth = 	 {},
  OPTnote = 	 {},
  OPTannote = 	 {}
}

@InCollection{emerson_90,
  author = 	 {Emerson, E. A.},
  title = 	 {{T}emporal and {M}odal {L}ogic},
  booktitle = 	 {Formal Models and Semantics},
  OPTcrossref =  {},
  OPTkey = 	 {},
  pages = 	 {996-1072},
  publisher = {Elsevier Science},
  year = 	 {1990},
  editor = 	 {J. van Leeuwen},
  volume = 	 {B},
  OPTnumber = 	 {},
  series = 	 {Handbook of Theoretical Computer Science},
  OPTtype = 	 {},
  OPTchapter = 	 {},
  OPTaddress = 	 {},
  OPTedition = 	 {},
  OPTmonth = 	 {},
  OPTnote = 	 {},
  OPTannote = 	 {}
}

@Book{pnueli_92,
  author = 	 {Manna, Z. and Pnueli, A.},
  title = 	 {The {T}emporal {L}ogic of {R}eactive and {C}oncurrent {S}ystems},
  OPTbooktitle = 	 {LCNS},
  OPTcrossref =  {},
  OPTkey = 	 {},
  OPTpages = 	 {},
  year = 	 {1991},
  publisher = 	 {Springer-Verlag},
  edition = {First Edition},
  OPTvolume = 	 {},
  OPTnumber = 	 {},
  OPTseries = 	 {},
  OPTaddress = 	 {},
  OPTmonth = 	 {},
  OPTorganization = {},
  OPTeditor = {},
  OPTnote = 	 {},
  OPTannote = 	 {}
}

@PhdThesis{alur_phd,
  author = 	 {Alur, R.},
  title = 	 {{T}echniques for {A}utomatic {V}erification of {R}eal-{T}ime {S}ystems},
  school = 	 {Stanford University, Department of Computer Sciences},
  year = 	 {1991},
  OPTkey = 	 {},
  OPTtype = 	 {},
  OPTaddress = 	 {},
  OPTmonth = 	 {},
  OPTnote = 	 {},
  OPTannote = 	 {}
}

@Book{Verilog,
  author = 	 {Thomas, D. E. and Moorby, P. R.},
  ALTeditor = 	 {},
  title = 	 {{T}he {V}erilog {H}ardware {D}escription {L}anguage},
  publisher = 	 {Kluwer Academic Publishers},
  year = 	 {1994},
  OPTkey = 	 {},
  OPTvolume = 	 {},
  OPTnumber = 	 {},
  OPTseries = 	 {},
  address = 	 {Boston, MA},
  edition = 	 {Second edition},
  OPTmonth = 	 {},
  OPTnote = 	 {},
  OPTannote = 	 {}
}

@Book{VHDL,
  author = 	 {},
  ALTeditor = 	 {},
  title = 	 {{IEEE} {S}tandard {VHDL} {L}anguage {R}eference {M}anual},
  publisher = 	 {IEEE Press, The IEEE, Inc.},
  year = 	 {1987},
  OPTkey = 	 {},
  OPTvolume = 	 {},
  OPTnumber = 	 {},
  OPTseries = 	 {},
  address = 	 {New York},
  OPTedition = 	 {},
  OPTmonth = 	 {},
  OPTnote = 	 {},
  OPTannote = 	 {}
}

@InProceedings{Ritter99,
  author = 	 {Ritter, G.},
  title = 	 {{F}ormal {V}erification of {D}esigns with {C}omplex
                  {C}ontrol by {S}ymbolic {S}imulation}, 
  booktitle = 	 {Advanced Research Working Conf. on Correct Hardware
                  Design and Verification Methods (CHARME)}, 
  OPTcrossref =  {},
  OPTkey = 	 {},
  OPTpages = 	 {},
  year = 	 {1999},
  editor = 	 {LCNS, Springer Verlag},
  OPTvolume = 	 {},
  OPTnumber = 	 {},
  OPTseries = 	 {},
  OPTaddress = 	 {},
  OPTmonth = 	 {},
  OPTorganization = {},
  OPTpublisher = {},
  OPTnote = 	 {},
  OPTannote = 	 {}
}

@InProceedings{drechsler:dac94,
  author = 	 {Drechsler, R. and Sarabi, A. and Theobald, M. and Becker, B. and Perkowski, M.A.},
  title = 	 {{E}fficient {R}epresentation and {M}anipulation of {S}witching {F}unctions based on {O}rdered {K}ronecker {F}unctional {D}ecision {D}iagrams},
  booktitle = 	 {DAC},
  OPTcrossref =  {},
  OPTkey = 	 {},
  pages = 	 {415-419},
  year = 	 {1994},
  OPTeditor = 	 {},
  OPTvolume = 	 {},
  OPTnumber = 	 {},
  OPTseries = 	 {},
  OPTaddress = 	 {},
  OPTmonth = 	 {},
  OPTorganization = {},
  OPTpublisher = {},
  OPTnote = 	 {},
  OPTannote = 	 {}
}

@InProceedings{hdd,
  author = 	 {Clarke, E. M. and Fujita, M. and Zhao, X.},
  title = 	 {{H}ybrid {D}ecision {D}iagrams - {O}vercoming the {L}imitation of {MTBDD}s and {BMD}s},
  booktitle = 	 {ICCAD},
  OPTcrossref =  {},
  OPTkey = 	 {},
  OPTpages = 	 {},
  year = 	 {95},
  OPTeditor = 	 {},
  OPTvolume = 	 {},
  OPTnumber = 	 {},
  OPTseries = 	 {},
  OPTaddress = 	 {},
  OPTmonth = 	 {},
  OPTorganization = {},
  OPTpublisher = {},
  OPTnote = 	 {},
  OPTannote = 	 {}
}

@InProceedings{WLS,
  author = 	 {Horeth, S. and Drechsler},
  title = 	 {{F}ormal {V}erification of {W}ord-{L}evel {S}pecifications},
  booktitle = 	 {DATE},
  OPTcrossref =  {},
  OPTkey = 	 {},
  pages = 	 {52-58},
  year = 	 {1999},
  OPTeditor = 	 {},
  OPTvolume = 	 {},
  OPTnumber = 	 {},
  OPTseries = 	 {},
  OPTaddress = 	 {},
  OPTmonth = 	 {},
  OPTorganization = {},
  OPTpublisher = {},
  OPTnote = 	 {},
  OPTannote = 	 {}
}

@Article{kbmd,
  author = 	 {Dreschler, R. and Becker, B. and Ruppertz, S.},
  title = 	 {{T}he {K*BMD}: {A} {V}erification {D}ata {S}tructure},
  journal = 	 {IEEE Design \& Test},
  year = 	 {1997},
  OPTkey = 	 {},
  volume = 	 {14},
  number = 	 {2},
  pages = 	 {51-59},
  OPTmonth = 	 {},
  OPTnote = 	 {},
  OPTannote = 	 {}
}

@InProceedings{bitvector97,
  author = 	 {Cyrluk, D. and Moller, O. and Ruess, H.},
  title = 	 {{A}n {E}fficient {P}rocedure for the {T}heory of {F}ixed-{S}ize {B}itvectors},
  booktitle = 	 {LCNS, CAV},
  OPTcrossref =  {},
  OPTkey = 	 {},
  OPTpages = 	 {},
  year = 	 {1997},
  OPTeditor = 	 {},
  volume = 	 {1254},
  OPTnumber = 	 {},
  OPTseries = 	 {},
  OPTaddress = 	 {},
  OPTmonth = 	 {},
  OPTorganization = {},
  OPTpublisher = {},
  OPTnote = 	 {},
  OPTannote = 	 {}
}

@InProceedings{bitvector98,
  author = 	 {Barlett, C. W. and Dill, D. L. and Levitt, J. R.},
  title = 	 {{A} {D}ecision {P}rocedure for {b}it-{V}ector {A}rithmetic},
  booktitle = 	 {DAC},
  OPTcrossref =  {},
  OPTkey = 	 {},
  OPTpages = 	 {},
  year = 	 {1998},
  OPTeditor = 	 {},
  OPTvolume = 	 {},
  OPTnumber = 	 {},
  OPTseries = 	 {},
  OPTaddress = 	 {},
  month = 	 {June},
  OPTorganization = {},
  OPTpublisher = {},
  OPTnote = 	 {},
  OPTannote = 	 {}
}

@Book{SMV,
  author = 	 {McMillan, K. L.},
  ALTeditor = 	 {},
  title = 	 {{S}ymbolic {M}odel {C}hecking},
  publisher = 	 {Kluwer Academic Publishers},
  year = 	 {1993},
  OPTkey = 	 {},
  OPTvolume = 	 {},
  OPTnumber = 	 {},
  OPTseries = 	 {},
  OPTaddress = 	 {},
  OPTedition = 	 {},
  OPTmonth = 	 {},
  OPTnote = 	 {},
  OPTannote = 	 {}
}

@InBook{tsasao,
  editor = 	 {Tsasao, T. and Fujita, M.},
  ALTauthor = 	 {},
  title = 	 {{R}epresentations of {D}iscrete {F}unctions},
  chapter = 	 {},
  publisher = 	 {Kluwer Academic Publishers},
  year = 	 {1996},
  OPTkey = 	 {},
  OPTvolume = 	 {},
  OPTnumber = 	 {},
  OPTseries = 	 {},
  OPTtype = 	 {},
  OPTaddress = 	 {},
  OPTedition = 	 {},
  OPTmonth = 	 {},
  OPTpages = 	 {},
  OPTnote = 	 {},
  OPTannote = 	 {}
}

@TechReport{tr:sambdd,
  author = 	 {Kalla, P. and Zeng, Z. and Ciesielski, M. J.},
  title = 	 {{RTL} {V}erification and {V}alidation using
                  {SAM-BDD}s: {A} {M}ethodology and a {S}olution},
  institution =  {Dept. of ECE, Univ. of Massachusetts},
  year = 	 {01},
  OPTkey = 	 {},
  OPTtype = 	 {},
  number = 	 {TR-CSE-01-01},
  OPTaddress = 	 {},
  OPTmonth = 	 {},
  OPTnote = 	 {},
  OPTannote = 	 {}
}

@Booklet{cplex,
  title = 	 {{CPLEX} {R}eference {M}anual, {ILOG}},
  OPTkey = 	 {},
  OPTauthor = 	 {},
  OPThowpublished = {},
  OPTaddress = 	 {},
  OPTmonth = 	 {},
  year = 	 {1999},
  OPTnote = 	 {},
  OPTannote = 	 {}
}

@InProceedings{burch98,
  author = 	 {Burch, J. R. and Singhal, V.},
  title = 	 {{T}ight {I}ntegration of {C}ombinational
                  {V}erification {M}ethods},
  booktitle = 	 {ICCAD},
  OPTcrossref =  {},
  OPTkey = 	 {},
  pages = 	 {570-576},
  year = 	 {98},
  OPTeditor = 	 {},
  OPTvolume = 	 {},
  OPTnumber = 	 {},
  OPTseries = 	 {},
  OPTaddress = 	 {},
  OPTmonth = 	 {},
  OPTorganization = {},
  OPTpublisher = {},
  OPTnote = 	 {},
  OPTannote = 	 {}
}

@InProceedings{bsat,
  author = 	 {Kalla, P. and Zeng, Z. and Ciesielski, M. J. and
                  Huang, C.},
  title = 	 {{A} {BDD}-based {S}atisfiability {I}nfrastructure
                  using the {U}nate {R}ecursive {P}aradigm},
  booktitle = 	 {Proc. Design Automation and Test in Europe, DATE'00},
  OPTcrossref =  {},
  OPTkey = 	 {},
  OPTpages = 	 {},
  year = 	 {2000},
  OPTeditor = 	 {},
  OPTvolume = 	 {},
  OPTnumber = 	 {},
  OPTseries = 	 {},
  OPTaddress = 	 {},
  OPTmonth = 	 {},
  OPTorganization = {},
  OPTpublisher = {},
  OPTnote = 	 {},
  OPTannote = 	 {}
}


@InProceedings{lpsat,
  author = 	 {Zeng, Z. and Kalla, P. and Ciesielski, M. J.},
  title = 	 {{LPSAT:} {A} {U}nified {A}pproach to {RTL} {S}atisfiability},
  booktitle = 	 {Proc. Design Automation and Test in europe, DATE'01},
  OPTcrossref =  {},
  OPTkey = 	 {},
  OPTpages = 	 {},
  year = 	 {2001},
  OPTeditor = 	 {},
  OPTvolume = 	 {},
  OPTnumber = 	 {},
  OPTseries = 	 {},
  OPTaddress = 	 {},
  OPTmonth = 	 {},
  OPTorganization = {},
  OPTpublisher = {},
  OPTnote = 	 {},
  OPTannote = 	 {}
}

@Misc{compaq,
  OPTkey = 	 {},
  author = 	 {Private Communication},
  title = 	 {{A}lpha {D}evelopment {G}roup, {C}ompaq},
  OPThowpublished = {},
  OPTmonth = 	 {},
  OPTyear = 	 {},
  OPTnote = 	 {},
  OPTannote = 	 {}
}

@Misc{avery,
  OPTkey = 	 {},
  author = 	 {Huang, C.},
  title = 	 {{P}rivate {C}ommunication, {A}very {D}esign {S}ystems {I}nc.},
  OPThowpublished = {},
  OPTmonth = 	 {},
  OPTyear = 	 {},
  OPTnote = 	 {},
  OPTannote = 	 {}
}

@InProceedings{fdd,
  author = 	 {Kebschull, U. and Schubert, E. and Rosentiel, W.},
  title = 	 {{M}ultilevel {L}ogic {S}ynthesis based on
                  {F}unctional {D}ecision {D}iagrams},
  booktitle = 	 {EDAC},
  OPTcrossref =  {},
  OPTkey = 	 {},
  pages = 	 {43-47},
  year = 	 {92},
  OPTeditor = 	 {},
  OPTvolume = 	 {},
  OPTnumber = 	 {},
  OPTseries = 	 {},
  OPTaddress = 	 {},
  OPTmonth = 	 {},
  OPTorganization = {},
  OPTpublisher = {},
  OPTnote = 	 {},
  OPTannote = 	 {}
}


@InProceedings{bmd,
  author = 	 {Bryant, R. E. and Chen, Y-A.},
  title = 	 {{V}erification of {A}rithmetic {F}unctions with
                  {B}inary {M}oment {D}iagrams},
  booktitle = 	 {DAC},
  OPTcrossref =  {},
  OPTkey = 	 {},
  OPTpages = 	 {},
  year = 	 {95},
  OPTeditor = 	 {},
  OPTvolume = 	 {},
  OPTnumber = 	 {},
  OPTseries = 	 {},
  OPTaddress = 	 {},
  OPTmonth = 	 {},
  OPTorganization = {},
  OPTpublisher = {},
  OPTnote = 	 {},
  OPTannote = 	 {}
}

@InProceedings{zbdd,
  author = 	 {Minato, S.},
  title = 	 {{Z}ero-{S}uppressed {BDD}s for {S}et {M}anipulation
                  in {C}ombinatorial {P}roblems},
  booktitle = 	 {DAC},
  OPTcrossref =  {},
  OPTkey = 	 {},
  pages = 	 {272-277},
  year = 	 {93},
  OPTeditor = 	 {},
  OPTvolume = 	 {},
  OPTnumber = 	 {},
  OPTseries = 	 {},
  OPTaddress = 	 {},
  OPTmonth = 	 {},
  OPTorganization = {},
  OPTpublisher = {},
  OPTnote = 	 {},
  OPTannote = 	 {}
}

@InProceedings{evbdd,
  author = 	 {Lai, Y-T. and Pedram, M. and Vrudhula, S. B.},
  title = 	 {{F}{G}{I}{L}{P}: {A}n {I}{L}{P} {S}olver based on
                  {F}unction {G}raphs},
  booktitle = 	 {ICCAD},
  OPTcrossref =  {},
  OPTkey = 	 {},
  pages = 	 {685-689},
  year = 	 {93},
  OPTeditor = 	 {},
  OPTvolume = 	 {},
  OPTnumber = 	 {},
  OPTseries = 	 {},
  OPTaddress = 	 {},
  OPTmonth = 	 {},
  OPTorganization = {},
  OPTpublisher = {},
  OPTnote = 	 {},
  OPTannote = 	 {}
}

@InProceedings{sts_mtbdd,
  author = 	 {McDonald, C. and Bryant, R. E.},
  title = 	 {{S}ymbolic {F}unctional and {t}iming {V}erification
                  of {T}ransistor-{L}evel {C}ircuits},
  booktitle = 	 {ICCAD},
  OPTcrossref =  {},
  OPTkey = 	 {},
  OPTpages = 	 {},
  year = 	 {99},
  OPTeditor = 	 {},
  OPTvolume = 	 {},
  OPTnumber = 	 {},
  OPTseries = 	 {},
  OPTaddress = 	 {},
  OPTmonth = 	 {},
  OPTorganization = {},
  OPTpublisher = {},
  OPTnote = 	 {},
  OPTannote = 	 {}
}

@InProceedings{sndd,
  author = 	 {Jain, J. and Bittner, J. and Fussell, D. and
                  Abraham, J.},
  title = 	 {{P}robablistic {D}esign {V}erification},
  booktitle = 	 {ICCAD},
  OPTcrossref =  {},
  OPTkey = 	 {},
  pages = 	 {468-471},
  year = 	 {91},
  OPTeditor = 	 {},
  OPTvolume = 	 {},
  OPTnumber = 	 {},
  OPTseries = 	 {},
  OPTaddress = 	 {},
  OPTmonth = 	 {},
  OPTorganization = {},
  OPTpublisher = {},
  OPTnote = 	 {},
  OPTannote = 	 {}
}

@InProceedings{mtbdd,
  author = 	 {Clarke, E. M. and McMillan, K. L. and Zhao, X. and
                  Fujita, M. and Yang, J.},
  title = 	 {{S}pectral {T}ransforms for {L}arge {B}oolean
                  {F}unctions with {A}pplications to {T}echnology {M}apping},
  booktitle = 	 {DAC},
  OPTcrossref =  {},
  OPTkey = 	 {},
  pages = 	 {54-60},
  year = 	 {93},
  OPTeditor = 	 {},
  OPTvolume = 	 {},
  OPTnumber = 	 {},
  OPTseries = 	 {},
  OPTaddress = 	 {},
  OPTmonth = 	 {},
  OPTorganization = {},
  OPTpublisher = {},
  OPTnote = 	 {},
  OPTannote = 	 {}
}

@InProceedings{dyn_order,
  author = 	 {Rudell, R.},
  title = 	 {{D}ynamic {V}ariable {O}rdering for {B}inary
                  {D}ecision {D}iagrams},
  booktitle = 	 {Proc. Intl. Conf. on Computer-Aided Design},
  OPTcrossref =  {},
  OPTkey = 	 {},
  pages = 	 {42-47},
  year = 	 {1993},
  OPTeditor = 	 {},
  OPTvolume = 	 {},
  OPTnumber = 	 {},
  OPTseries = 	 {},
  OPTaddress = 	 {},
  month = 	 {Nov.},
  OPTorganization = {},
  OPTpublisher = {},
  OPTnote = 	 {},
  OPTannote = 	 {}
}

@Article{BRYA86,
  author = 	 {Bryant, R. E.},
  title = 	 {{G}raph {B}ased {A}lgorithms for {B}oolean {F}unction {M}anipulation},
  journal = 	 {IEEE Trans. on Computers},
  year = 	 {1986},
  OPTkey = 	 {},
  volume = 	 {C-35},
  OPTnumber = 	 {},
  pages = 	 {677-691},
  month = 	 {August},
  OPTnote = 	 {},
  OPTannote = 	 {}
}

@TechReport{ranjan_report,
  author = 	 {Ranjan, R. K. and Aziz, A. and Plessier, B. and
                  Pixley, C. and Brayton, R. K.}, 
  title = 	 {{E}fficient {F}ormal {D}esign {V}erification: {D}ata
                  {S}tructures + {A}lgorithms},
  institution =  {Univ. of California, Berkeley},
  year = 	 {1994},
  OPTkey = 	 {},
  OPTtype = 	 {},
  number = 	 {UCB/ERL M94/100},
  address = 	 {CA 94720, USA},
  month = 	 {Oct.},
  OPTnote = 	 {},
  OPTannote = 	 {}
}

@Article{bcp_tcad,
  author = 	 {Villa, T. and {\it et al.}},
  title = 	 {{E}xplicit and {I}mplicit {A}lgorithms for {B}inate
                  {C}overing {P}roblems},
  journal = 	 {IEEE Trans. CAD},
  year = 	 {1997},
  OPTkey = 	 {},
  volume = 	 {Vol. 16},
  number = 	 {No. 7},
  pages = 	 {677-691},
  month = 	 {July},
  OPTnote = 	 {},
  OPTannote = 	 {}
}

@InProceedings{Hu93,
  author = 	 {Hu, A. J. and Dill, D. L.},
  title = 	 {{R}educing {B}{D}{D} {S}ize by {E}xploiting
                  {F}unctional {D}ependencies}, 
  booktitle = 	 {Proc. DAC},
  OPTcrossref =  {},
  OPTkey = 	 {},
  pages = 	 {266-271},
  year = 	 {93},
  OPTeditor = 	 {},
  OPTvolume = 	 {},
  OPTnumber = 	 {},
  OPTseries = 	 {},
  OPTaddress = 	 {},
  OPTmonth = 	 {},
  OPTorganization = {},
  OPTpublisher = {},
  OPTnote = 	 {},
  OPTannote = 	 {}
}

@InProceedings{model_check,
  author = 	 {Burch, J. R. and {\it et. al.}},
  title = 	 {{R}epresenting {C}ircuits more {E}fficiently in
                  {S}ymbolic {M}odel {C}hecking},  
  booktitle = 	 {Proc. DAC},
  OPTcrossref =  {},
  OPTkey = 	 {},
  OPTpages = 	 {},
  year = 	 {'91},
  OPTeditor = 	 {},
  OPTvolume = 	 {},
  OPTnumber = 	 {},
  OPTseries = 	 {},
  OPTaddress = 	 {},
  OPTmonth = 	 {},
  OPTorganization = {},
  OPTpublisher = {},
  OPTnote = 	 {},
  OPTannote = 	 {}
}


@InProceedings{part_tr,
  author = 	 {Burch, J. R. and {\it et. al.}},
  title = 	 {{S}ymbolic {M}odel {C}hecking with {P}artitioned
                  {T}ransition {R}elations},
  booktitle = 	 {Proc. of Int'l. Conf. on VLSI},
  OPTcrossref =  {},
  OPTkey = 	 {},
  OPTpages = 	 {},
  year = 	 {'91},
  OPTeditor = 	 {},
  OPTvolume = 	 {},
  OPTnumber = 	 {},
  OPTseries = 	 {},
  OPTaddress = 	 {},
  OPTmonth = 	 {},
  OPTorganization = {},
  OPTpublisher = {},
  OPTnote = 	 {},
  OPTannote = 	 {}
}

@InProceedings{covering,
  author = 	 {Coudert, O.},
  title = 	 {{O}n {S}olving {C}overing {P}roblems},
  booktitle = 	 {Proc. DAC},
  OPTcrossref =  {},
  OPTkey = 	 {},
  OPTpages = 	 {},
  year = 	 {'96},
  OPTeditor = 	 {},
  OPTvolume = 	 {},
  OPTnumber = 	 {},
  OPTseries = 	 {},
  OPTaddress = 	 {},
  OPTmonth = 	 {},
  OPTorganization = {},
  OPTpublisher = {},
  OPTnote = 	 {},
  OPTannote = 	 {}
}

@InProceedings{Hu94,
  author = 	 {Hu, A. J. and York, G. and Dill, D. L.},
  title = 	 {{N}ew {T}echniques for {E}fficient {V}erification
                  with {I}mplicitly {C}onjoined {B}{D}{D}s},
  booktitle = 	 {Proc. DAC},
  OPTcrossref =  {},
  OPTkey = 	 {},
  pages = 	 {276-282},
  year = 	 {1994},
  OPTeditor = 	 {},
  OPTvolume = 	 {},
  OPTnumber = 	 {},
  OPTseries = 	 {},
  OPTaddress = 	 {},
  OPTmonth = 	 {},
  OPTorganization = {},
  OPTpublisher = {},
  OPTnote = 	 {},
  OPTannote = 	 {}
}

@InProceedings{part_bdd,
  author = 	 {Narayan, A. and Jain, J. and Fujita, M. and Sangiovanni-Vincentelli, A.},
  title = 	 {Partitioned {ROBDD}s: {A} {C}ompact {C}anonical and
                  {E}fficient {R}epresentation for {B}oolean {F}unctions},
  booktitle = 	 {Proc. ICCAD},
  OPTcrossref =  {},
  OPTkey = 	 {},
  OPTpages = 	 {},
  year = 	 {'96},
  OPTeditor = 	 {},
  OPTvolume = 	 {},
  OPTnumber = 	 {},
  OPTseries = 	 {},
  OPTaddress = 	 {},
  OPTmonth = 	 {},
  OPTorganization = {},
  OPTpublisher = {},
  OPTnote = 	 {},
  OPTannote = 	 {}
}


@InProceedings{bdd_decomp:97,
  author = 	 {Cabodi, G. and {\it et al.}},
  title = 	 {{D}isjunctive {P}artitioning and {P}artial
                  {I}terative {S}quaring: {A}n {E}ffective {A}pproach
                  for {S}ymbolic {T}raversal of {L}arge {C}ircuits},
  booktitle = 	 {Proc. DAC},
  OPTcrossref =  {},
  OPTkey = 	 {},
  OPTpages = 	 {728-733},
  year = 	 {'97},
  OPTeditor = 	 {},
  OPTvolume = 	 {},
  OPTnumber = 	 {},
  OPTseries = 	 {},
  OPTaddress = 	 {},
  OPTmonth = 	 {},
  OPTorganization = {},
  OPTpublisher = {},
  OPTnote = 	 {},
  OPTannote = 	 {}
}


@Booklet{chilai,
  title = 	 {{V}erification {T}echnology {B}ackgrounder},
  OPTkey = 	 {},
  author = 	 {Chris Browy},
  howpublished = {White Paper, http://www.avery-design.com/user/vfapaper.html},
  address = 	 {Avery Design Systems, Inc.},
  OPTmonth = 	 {},
  OPTyear = 	 {},
  OPTnote = 	 {},
  OPTannote = 	 {}
}

@InProceedings{general_bdd,
  author = 	 {Ashar, P. and {\it et al.}},
  title = 	 {{B}oolean {S}atisfiability and {E}quivalence
                  {C}hecking using {G}eneral {B}inary {D}ecision {D}iagrams},
  booktitle = 	 {Proc. ICCD},
  OPTcrossref =  {},
  OPTkey = 	 {},
  OPTpages = 	 {},
  year = 	 {1991},
  OPTeditor = 	 {},
  OPTvolume = 	 {},
  OPTnumber = 	 {},
  OPTseries = 	 {},
  OPTaddress = 	 {},
  OPTmonth = 	 {},
  OPTorganization = {},
  OPTpublisher = {},
  OPTnote = 	 {},
  OPTannote = 	 {}
}


@InProceedings{hsat,
  author = 	 {Fallah, F. and Devadas, S. and Keutzer, K.},
  title = 	 {{F}unctional {V}ector {G}eneration for {HDL} models
                  using {L}inear {P}rogramming and {B}oolean {S}atisfiability},
  booktitle = 	 {Proc. DAC},
  OPTcrossref =  {},
  OPTkey = 	 {},
  OPTpages = 	 {},
  year = 	 {'98},
  OPTeditor = 	 {},
  OPTvolume = 	 {},
  OPTnumber = 	 {},
  OPTseries = 	 {},
  OPTaddress = 	 {},
  OPTmonth = 	 {},
  OPTorganization = {},
  OPTpublisher = {},
  OPTnote = 	 {},
  OPTannote = 	 {}
}

@InProceedings{BRB90,
  author = 	 {Brace, K. S. and Rudell, R. and Bryant, R. E.},
  title = 	 {{E}fficient {I}mplementation of the {BDD} {P}ackage},
  booktitle = 	 {DAC},
  OPTcrossref =  {},
  OPTkey = 	 {},
  pages = 	 {40-45},
  year = 	 {1990},
  OPTeditor = 	 {},
  OPTvolume = 	 {},
  OPTnumber = 	 {},
  OPTseries = 	 {},
  OPTaddress = 	 {},
  OPTmonth = 	 {},
  OPTorganization = {},
  OPTpublisher = {},
  OPTnote = 	 {},
  OPTannote = 	 {}
}

@INPROCEEDINGS{1hot_tr96,
	Key = "1hot_tr96",
	Author = "Ciesielski, M.",
	Title = "{S}tate {A}ssignment by {O}ne-{H}ot {R}etiming/{R}ecoding",
	Booktitle = "Tech. Report, Dept. of ECE, University of Massachusetts at
                  Amherst, MA 01003.",
        Month = "Jan.",
	Year = "1996"
}

@InProceedings{grasp,
  author = 	 {Marques-Silva, J. and Sakallah, K. A.},
  title = 	 {{GRASP} - {A} {N}ew {S}earch {A}lgorithm for
                  {S}atisfiability}, 
  booktitle = 	 {ICCAD'96},
  OPTcrossref =  {},
  OPTkey = 	 {},
  pages = 	 {220-227},
  year = 	 {1996},
  OPTeditor = 	 {},
  OPTvolume = 	 {},
  OPTnumber = 	 {},
  OPTseries = 	 {},
  OPTaddress = 	 {},
  month = 	 {Nov.},
  OPTorganization = {},
  OPTpublisher = {},
  OPTnote = 	 {},
  OPTannote = 	 {}
}


@InProceedings{grasp:date,
  author = 	 {Silva, L. G. and Silvera, L. M. and Marques-Silva, J. },
  title = 	 {{A}lgorithms for {S}olving {B}oolean
                  {S}atisfiability in {C}ombinational {C}ircuits},
  booktitle = 	 {Proc. DATE},
  OPTcrossref =  {},
  OPTkey = 	 {},
  pages = 	 {526-530},
  year = 	 {1999},
  OPTeditor = 	 {},
  OPTvolume = 	 {},
  OPTnumber = 	 {},
  OPTseries = 	 {},
  OPTaddress = 	 {},
  month = 	 {March},
  OPTorganization = {},
  OPTpublisher = {},
  OPTnote = 	 {},
  OPTannote = 	 {}
}

@inProceedings{Chak93,
  author =       "Chakradhar, S. T. and Dey, S. and Potkonjak, M. and
                  Rothweiler, S. G.",
  title =        {{S}equential {C}ircuit {D}elay {O}ptimization using {G}lobal
                  {P}ath {D}elays},
  year =         "1993",
  Booktitle =    "Proc. 1993 Design Automation Conf.",
  key =          "Chak93",
  pages =        "483-489"
}

@Article{Chan95,
  author =       "Chandrakasan, A.P. and Potkonjak, M. and Mehra,
                  R. and Rabey, J. and Broderson, R.W.",
  title =        {{O}ptimizing {P}ower {U}sing {T}ransformations},
  key =       "Chan95",
  journal =   "IEEE Trans. on CAD",
  year =      "1995",
  volume =    "14",
  number =    "1",
  pages =     "12-??",
  month =     "Jan."
}

@Article{Maheshwari98,
  author =       "Maheshwari, N. and Sapatnekar, S.",
  title =        {{E}fficient {R}etiming of {L}arge {C}ircuits},
  journal =   "IEEE Trans. on VLSI Systems",
  year =      "1998",
  volume =    "6",
  number =    "1",
  pages =     "74-83",
  month =     "March"
}

@Book{Cor90,
  author =       "Cormen, T. and Leiserson, C. and Rivest, R.",
  title =        "{I}ntroduction to {A}lgorithms",
  publisher =    "MIT Press",
  year =         "1990",
  key =          "Cor90"
}

@Article{DeM91,
  key =       "DeM91",
  author =       "De Micheli, G.",
  title =        "{S}ynchronous {L}ogic {S}ynthesis: {A}lgorithms for
                  {C}ycle-{T}ime {O}ptimization",
  journal =   "IEEE Trans. on CAD",
  year =      "1991",
  volume =    "10",
  number =    "1",
  pages =     "63-73",
  month =     "Jan."
}
@Article{DaDe93,
  key =       "DaDe93",
  author =       "Damiani, M. and De Micheli, G.",
  title =        { {D}on't {C}are {S}et {S}pecification in
                  {C}ombinational and {S}ynchronous {C}ircuits},
  journal =   "IEEE Trans. on CAD",
  year =      "1993",
  volume =    "12",
  pages =     "365-388",
  month =     "March"
}

@Article{DaDe92,
  key =       "DaDe92",
  author =       "Damiani, M. and De Micheli, G.",
  title =        {{R}ecurrence {E}quations and the {O}ptimization of
                  {S}ynchronous {C}ircuits}, 
  journal =   "Proc. Design Automation Conference",
  year =      "1992",
  pages =     "556-561"
}

@BOOK{DeM94,
	Key = "DeM94",
	Author = "G. DeMicheli",
	Title = "{S}ynthesis and {O}ptimization of {D}igital {C}ircuits",
	Publisher = "McGraw-Hill",
	Year = "94"
}

@Book{Dev93,
  author =       "Devadas, S.",
  title =        "{L}ogic {S}ynthesis",
  publisher =    "McGraw-Hill, Inc.",
  year =         "1993",
  key =       "Dev93"
}

@Book{FF62,
  author =       "Ford, J.R. and Fulkerson, D.R.",
  title =        "{F}lows in {N}etworks",
  publisher =    "Princeton Uviversity Press",
  year =         "1962",
  key =       "FF62"
}

@InProceedings{Hac94,
  author =       "Hachtel, G.D. and Hermida, M. and Pardo, A. and
                  Poncino, M. and Somenzi, F.",
  title =        "{R}e-encoding {S}equential {C}ircuits to {R}educe {P}ower {D}issipation",
  key =       "Hac94",
  pages =     "70-73",
  booktitle = "Proc. Intl. Conference on CAD",
  year =      "1994"
}

@InProceedings{Has95,
  author =       "Hasan, Z. and Ciesielski, M.",
  title =        "{E}limination of {M}ulti-{C}ycle {F}alse {P}aths by {S}tate {E}ncoding",
  key =       "Has95",
  pages =     "155-159",
  booktitle = "Proc. of European Design and Test Conference",
  year =      "1995"
}

@InProceedings{Has96,
  author =       "Hasan, Z. and Ciesielski, M.",
  title =        "{S}equential {F}alse-{P}ath-{F}ree {E}ncoding and its {I}mpact
                  on {C}ircuit {P}erformance",
  key =       "Has96",
  booktitle = "IEEE Transactions on CAD",
  month =      "In final review",
  year =    "Submitted Feb. 1995, March 1996."
}

@InProceedings{ImPe94,
  author =       "Iman, S. and Pedram, M.",
  title =        "{M}ultilevel {N}etwork {O}ptimization for {L}ow {P}ower",
  key =       "ImPe94",
  pages =     "372-377",
  booktitle = "ICCAD",
  year =      "1994"
}

@InProceedings{ImPe95,
  author =       "Iman, S. and Pedram, M.",
  title =        "{L}ogic {E}xtraction and {F}actorization for {L}ow {P}ower",
  key =       "ImPe95",
  pages =     "248-253",
  booktitle = "DAC",
  year =      "1995"
}

@InProceedings{Leis81,
  author = 	 {Leiserson, C.E. and Saxe, J.B.},
  title = 	 {{O}ptimizing {S}ynchronous {S}ystems},
  booktitle = 	 {Proc. Twenty-Second Ann. Symp. FOCS},
  key =		 {Leis81},
  year =	 {1981},
  pages =	 {23-26}
}

@InProceedings{Barl88,
  author = 	 {Barlett {\em et al.}, K. A.},
  title = 	 {{M}ultilevel {L}ogic {M}inimization using {I}mplicit
                  {D}on't {C}ares},
  booktitle = 	 {IEEE Trans. on CAD},
  Month      =   {June},
  key =		 {Barl88},
  year =	 {1988},
  volume =       {7},
  pages =	 {723-729}
}

@Article{Leis91,
  author = 	 {Leiserson, C.E. and Saxe, J.B.},
  title = 	 {{R}etiming {S}ynchronous {C}ircuitry},
  journal = 	 {Algorithmica},
  year = 	 {1991},
  key =		 {Leis91},
  volume =	 {6},
  number =	 {1},
  month =	 {Jan.},
  pages =	 {5-35}
}

@InProceedings{Leis83,
  author =       "Leiserson, C.E. and Rose, F.M. and Saxe, J.B.",
  title =        {{O}ptimizing {S}ynchronous {C}ircuitry by {R}etiming},
  key =       "Leis83",
  pages =     "87-116",
  booktitle = "Third Caltech Conference on VLSI",
  year =      "1983"
}

@INPROCEEDINGS{MIS87,
	Key = "MIS87",
	Author = "Brayton, R.K. and Rudell, R. and
                  Sangiovanni-Vincentelli, A. and Wang, A.",
	Title = {{MIS}: {A} {M}ultiple-{L}evel {L}ogic {O}ptimization {S}ystem},
	Booktitle = "IEEE Trans. on CAD",
        Month = "June",
        Volume = "6",
	Year = "1987",
        Pages = "1062-1081"
}

@INPROCEEDINGS{MIS90,
	Key = "MIS90",
	Author = "Brayton, R.K. and Hachtel, G.D. and
                  Sangiovanni-Vincentelli, A.",
	Title = {{M}ultilevel {L}ogic {S}ynthesis},
	Booktitle = "Proc. IEEE",
        Month = "Feb.",
	Year = "1990",
        Pages = "264-300"
}

@Article{Mal91,
  author =       "Malik, S. and Sentovich, E. and Brayton, R. and
                  Sangiovanni-Vincentelli, A.",
  title =        {{R}etiming and {R}esynthesis: {O}ptimizing {S}equential
                  {N}etworks with {C}ombinational {T}echniques},
  key =       "Mal91",
  journal =   "IEEE Trans. on CAD",
  year =      "1991",
  volume =    "10",
  number =    "1",
  pages =     "74-84",
  month =     "Jan."
}

@Article{Mal95,
  author =       "El-Maleh, A. and Marchock, T. and Rajski, J. and Maly, W.",
  title =        {{B}ehavior and {T}estability {P}reservation under
		  {R}etiming {T}ransformation}, 
  key =       "Mal95",
  journal =   "IEEE Trans. on CAD",
  year =      "1997",
  volume = "16",
  number = "5",
  pages = "528-543",
  month = "May"	  
}

@InProceedings{Mon92,
  author =       "Monteiro, J. and Devadas, S. and Ghosh, A.",
  title =        {{R}etiming {S}equential {C}ircuits for {L}ow {P}ower},
  key =       "Mon92",
  pages =     "398-402",
  booktitle = "ICCAD",
  year =      "1993"
}

@TechReport{SIS92,
  key =       "SIS92",
  author =       "Sentovich {\em et al.}, E.",
  title =        "{SIS}: {A} {S}ystem for {S}equential {C}ircuit {S}ynthesis",
  institution =  "ERL, Dept. of EECS,
                  Univ. of California, Berkeley.",
  year =         "1992",
  number =    "UCB/ERL M92/41"
}

@InProceedings{Sin88,
  author =       "Singh, K.J. and Wang, A. and Brayton, R.K. and
                  Sangiovanni-Vincentelli, A.",
  title =        "{T}iming {O}ptimization of {C}ombinational {L}ogic",
  key =          "Sin88",
  pages =        "282-285",
  booktitle =    "ICCAD",
  year =         "1988"
}

@TechReport{TR96_01,
        Key = "TR96_01",
        Author =       "Ciesielski, M.",
        Title =        "{S}equential {S}ynthesis for {T}estability:
                        {F}alse-{P}ath-{F}ree {E}ncoding for
                  {I}mproved {ATPG} and {P}artial {S}can {T}est",
        Institution =  "Department of Electrical \& Computer Engineering,
                  University of Massachusetts, Amherst.",
        Year =         "1996",
        Number =    "TR-CSE-96-01"
}

@TechReport{TR96_02,
  author =       "Ciesielski, M.",
  title =        "{F}unctional {R}etiming: {A} {N}ew {A}pproach to {S}equential
                  {S}ynthesis and {O}ptimization",
  institution =  "Department of Electrical \& Computer Engineering,
                  University of Massachusetts, Amherst.",
  year =         "1996",
  key =          "TR96_02",
  number =       "TR-CSE-96-02"
}

@TechReport{TR96_03,
  author =       "Ciesielski, M.",
  title =        "{S}tate {A}ssignment by {O}ne-{H}ot {R}etiming/{R}eencoding",
  institution =  "Department of Electrical \& Computer Engineering,
                  University of Massachusetts, Amherst.",
  year =         "1996",
  key =          "TR96_03",
  number =       "TR-CSE-96-03"
}

@Article{YC91,
  author =       "Yang, S. and Ciesielski, M.J.",
  title =        "{O}ptimum and {S}uboptimum {A}lgorithms for {I}nput
                  {E}ncoding and its {R}elationship to {L}ogic {M}inimization",
  key =       "YC91",
  journal =   "IEEE Trans. on CAD",
  year =      "1991",
  pages =     "4-12",
  month =     "Jan."
}

@Article{Yang91,
  author =       "Yang, S. and Ciesielski, M.J.",
  title =        "{O}ptimum and {S}uboptimum {A}lgorithms for {I}nput
                  {E}ncoding and its {R}elationship to {L}ogic {M}inimization",
  key =       "Yang91",
  journal =   "IEEE Trans. on CAD",
  year =      "1991",
  pages =     "4-12",
  volume =    "1",
  month =     "Jan."
}

@INPROCEEDINGS{bipartite,
	Key = "bipartite",
	Author = "Kernighan, B.W. and Lin, S.",
	Title = "{{A}n {E}fficient {H}euristic {P}rocedure for
                  {P}artitioning {G}raphs}",
	Booktitle = "The Bell Sys. Tech. J.",
        Month = "Feb.",
	Year = "1970",
        Pages = "291-307"
}

@Article{diet,
  author =       "Yang, S. and Ciesielski, M.J.",
  title =        "{O}ptimum and {S}uboptimum {A}lgorithms for {I}nput {E}ncoding
                  and its {R}elationship to {L}ogic {M}inimization",
  key =       "diet",
  journal =   "IEEE Trans. on CAD",
  year =      "1991",
  pages =     "4-12",
  volume =    "1",
  month =     "Jan."
}

@BOOK{espresso,
	Key = "espresso",
	Author = "Brayton, R.K. and McMullen, C. and Hachtel, G.D. and
                  Sangiovanni-Vincentelli, A.",
	Title = "{L}ogic {M}inimization {A}lgorithms for {VLSI} {S}ynthesis",
	Publisher = "Kluwer Academic Publishers",
	Year = "1984"
}

@INPROCEEDINGS{hachtel94,
	Key = "hachtel94",
	Author = "Hachtel, G.D. and Hermida, M. and Pardo, A. and
                  Poncino, M. and Somenzi, F.",
	Title = "{{R}e-{E}ncoding {S}equential {C}ircuits to {R}educe {P}ower
                  {D}issipation}",
	Booktitle = "ICCAD",
        Month = "Nov.",
	Year = "1994",
        Pages = "82-87"
}

@Article{kiss,
  author =       "De Micheli, G.",
  title =        "{{S}ymbolic {D}esign of {C}ombinational and {S}equential
                  {L}ogic {C}ircuits {I}mplemented by {T}wo-{L}evel {L}ogic {M}acros}",
  key =          "kiss",
  journal =      "IEEE Trans. on CAD",
  year =         "1986",
  volume =       "CAD-5",
  number =       "4",
  pages =        "597-616",
  month =        "Oct."
}

@INPROCEEDINGS{mustang,
	Key = "mustang",
	Author = "Devadas, S. and Ma, H-K.T. and Newton, A.R. and
                  Sangiovanni-Vincentelli, A.",
	Title = "{{MUSTANG}: {S}tate {A}ssignment of {F}inite {S}tate {M}achines
                  {T}argeting {M}ulti-{L}evel {L}ogic {I}mplementations}",
	Booktitle = "IEEE Trans. on CAD",
        Month = "Dec.",
        Volume = "7",
	Year = "1988",
        Pages = "1290-1300"
}

@INPROCEEDINGS{nova,
	Key = "nova",
	Author = "Villa, T. and Sangiovanni-Vincentelli, A.",
	Title = "{{NOVA}: {S}tate {A}ssignment of {F}inite {S}tate {M}achines
                  for {O}ptimal {T}wo-{L}evel {L}ogic {I}mplementations}",
	Booktitle = "IEEE Trans. on CAD",
        Month = "Sep.",
        Volume = "9",
	Year = "1990",
        Pages = "905-924"
}

@InProceedings{jedi,
  author = 	 {Lin, B. and Newton, A.R.},
  title = 	 {{S}ynthesis of {M}ultiple {L}evel {L}ogic from {S}ymbolic
                  {H}igh-{L}evel {D}escription {L}anguages},
  booktitle = 	 {Proc. VLSI'89 Conf.},
  year =	 {1989},
  month =	 {Aug.}
}

@Book{papoulis,
  author =       "Papoulis, A.",
  title =        "{P}robability, {R}andom {V}ariables and {S}tochastic {P}rocesses",
  publisher =    "McGraw-Hill, Inc.",
  year =         "1984",
  key =          "papoulis"
}

@InProceedings{shen92,
  author =       "Shen, A. and Devadas, S. and Ghosh, A. and Keutzer, K.",
  title =        "{O}n {A}verage {P}ower {D}issipation and {R}andom {P}attern
                  {T}estability of {C}ombinational {L}ogic {C}ircuits",
  key =          "shen92",
  pages =        "402-407",
  booktitle =    "Proc. ICCAD",
  year =         "1992",
  month =        "Nov."
}

@INPROCEEDINGS{tkim_thesis,
	Key = "tkim_thesis",
	Author = "Kim, T-S",
	Title = "{{CAD} {T}ools for {W}ave-{P}ipelined {C}ircuit {D}esign}",
	Booktitle = "Ph.D. Thesis, Dept. of ECE, University of Massachusetts at
                  Amherst, MA 01003.",
        Month = "Sep.",
	Year = "1995"
}

@InProceedings{touati91,
  author =       "Touati, H.J. and Savoj, H. and Brayton, R.K.",
  title =        "{D}elay {O}ptimization of {C}ombinational {L}ogic {C}ircuits
                  through {C}lustering and {P}artial {C}ollapsing",
  key =       "touati91",
  booktitle = "Intl. Workshop on Logic Synthesis",
  year =      "1991"
}

@INPROCEEDINGS{tsui-dac94,
	Key = "tsui-dac94",
	Author = "Tsui, C-Y. and Pedram, M. and Despain, A.M.",
	Title = "{{E}xact and {A}pproximate {M}ethods for {C}alculating {S}ignal
                  and {T}ransition {P}robabilities in {FSM}s}",
	Booktitle = "DAC",
        Month = "June",
	Year = "1994",
        Pages = "18-23"
}

@INPROCEEDINGS{tsui94,
	Key = "tsui94",
	Author = "Tsui, C-Y. and Pedram, M. and Chen, C-A. and
                  Despain, A.M.",
	Title = "{{L}ow {P}ower {S}tate {A}ssignment {T}argeting {T}wo- and
                  {M}ulti-{L}evel {L}ogic {I}mplementations}",
	Booktitle = "ICCAD",
        Month = "Nov.",
	Year = "1994",
        Pages = "82-87"
}

@INBOOK{vsc470,
	Key = "vsc470",
	Author = "VLSI Technology Inc.",
	Title = "0.8 {M}icron {H}igh {D}ensity {S}tandard {C}ell {L}ibrary
                  ({VSC470})",
	Publisher = "VLSI Technology, Inc.",
        Month = "Mar.",
	Year = "1993"
}

@INPROCEEDINGS{yang90,
	Key = "yang90",
	Author = "Yang, S. and Ciesielski, M.",
	Title = "{{O}n the {R}elationship between {I}nput {E}ncoding and {L}ogic
                  {M}inimization}",
	Booktitle = "Proc. 23rd. Hawaii Intl. Conf. on System Sciences",
        Month = "Jan.",
        Volume = "1",
	Year = "1990",
        Pages = "377-386"
}

@Article{ckcheng92,
  author =       "Cheng, C.K. and Hu, T.C.",
  title =        "{{M}aximum {C}oncurrent {F}lows and {M}inimum {C}uts}",
  key =          "ckcheng92",
  journal =      "Algorithmica",
  year =         "1992",
  volume =       "8",
  pages =        "233-249"
}

@InProceedings{pose96,
  author =       "Iman, S. and Pedram, M.",
  title =        "{{POSE}: {P}ower {O}ptimization and {S}ynthesis {E}nvironment}",
  key =          "pose96",
  booktitle =    "Proceedings DAC 96",
  year =         "1996"
}

@InProceedings{ashenhurst57,
  author =       "Ashenhurst, R.L.",
  title =        "{{T}he {D}ecomposition of {S}witching {F}unctions}",
  key =          "ashenhurst57",
  volume =       "{XXIX}",
  series =       "The Annals of the Computation Laboratory of Harvard
                  University",
  pages =        "74-116",
  booktitle =    "Proc. of an International Symposium on the Theory of
                  Switching",
  year =         "1957",
  publisher =    "Harvard University Press",
  address =      "Cambridge, MA",
  note =         "Published in 1959"
}

@InProceedings{molitor94,
  author =       "Molitor, P. and Scholl, C.",
  title =        "{{C}ommunication {B}ased {M}ultilevel {S}ynthesis for
                  {M}ulti-output {B}oolean {F}unctions}",
  key =          "molitor94",
  pages =        "101-104",
  booktitle =    "{Proc. of the 4th Great Lakes Symposium on VLSI}",
  year =         "1994",
  month =        "Mar."
}

@Article{saucier93,
  author =       "Saucier, G. and Fron, J. and Abouzeis, P.",
  title =        "{{L}exicographical {E}xperssions of {B}oolean {F}unctions
                  with {A}pplications to {M}ultilevel {S}ynthesis}",
  key =          "saucier93",
  journal =      "IEEE Tr. on CAD",
  year =         "1993",
  volume =       "12",
  number =       "11",
  pages =        "1642-1654",
  month =        "Nov."
}

@Article{karp63,
  author =       "Karp, R.M.",
  title =        "{{F}unctional {D}ecomposition and {S}witching {C}ircuit {D}esign}",
  key =          "karp63",
  journal =      "J. Soc. Indust. Appl. Math.",
  year =         "1963",
  volume =       "11",
  number =       "2",
  pages =        "291-335",
  month =        "June"
}

@Article{curtis61,
  author =       "Curtis, H.A.",
  title =        "{{A} {G}eneralized {T}ree {C}ircuit}",
  key =          "curtis61",
  journal =      "J. Assoc. Comput. Mach.",
  year =         "1961",
  volume =       "8",
  pages =        "484-496"
}

@Book{ullman83,
  author =       "Ullman, J.D.",
  title =        "{{C}omputational {A}spects of {VLSI}}",
  publisher =    "Computer Science Press",
  year =         "1983",
  key =          "ullman83",
  address =      "Rockville, Maryland"
}

@InProceedings{nguyen94,
  author =       "Nguyen, H.N. and Ducousso, L.",
  title =        "{{BONSAI}: {A} {P}ragmatic {A}pproach to {L}ogic {S}ynthesis and
                  {F}ormal {V}erification}",
  key =          "nguyen94",
  editor =       "Saucier, G. and Mignotte, A.",
  series =       "IFIP Workshop on Logic and Architecture Synthesis, 1994",
  pages =        "26-37",
  booktitle =    "Logic and Architecture Synthesis",
  year =         "1995",
  organization = "IFIP",
  publisher =    "Chapman \& Hall"
}

@Article{song95,
  author =       "Song, N. and Perkowski, M.A. and Chrzanowska-Jeske,
                  M. and Sarabi, A.",
  title =        "{{A} {N}ew {D}esign {M}ethodology for {T}wo-{D}imensional {L}ogic {A}rrays}",
  key =          "song95",
  journal =      "VLSI Design",
  year =         "1995",
  volume =       "3",
  number =       "3-4",
  pages =        "315-332"
}

@InProceedings{kebschull92,
  author =       "Kebschull, U. and Schubert, E. and Rosenstiel, W.",
  title =        "{{M}ultilevel {L}ogic {S}ynthesis {B}ased on {F}unctional
                  {D}ecision {D}iagrams}",
  key =          "kebschull92",
  pages =        "43-47",
  booktitle =    "Proc. IEEE European Design Automation Conference",
  year =         "1992"
}

@InProceedings{schafer93,
  author =       "Schafer, I. and Perkowski, M.A. and Wu, H.",
  title =        "{{M}ultilevel {L}ogic {S}ynthesis for {C}ellular {FPGA}s {B}ased
                  on {O}rthogonal {E}xpansions}",
  key =          "schafer93",
  pages =        "42-51",
  booktitle =    "Proc. IFIP WG 10.5 Workshop on Applications of the
                  Reed-Muller Expansion in Circuit Design",
  year =         "1993",
  month =        "Sep."
}

@InProceedings{wu93,
  author =       "Wu, L.-F. and Perkowski, M.A.",
  title =        "{{M}inimization of {P}ermuted {R}eed-{M}uller {T}rees for
                  {C}ellular {L}ogic {P}rogrammable {G}ate {A}rrays}",
  key =          "wu93",
  editor =       "Gruenbacher, H. and Hartenstein, R.",
  number =       "705",
  pages =        "78-87",
  booktitle =    "Lecture Notes in Computer Science",
  year =         "1993",
  publisher =    "Springer Verlag, Berlin/Heidelberg"
}

@Article{wang96,
  author =       "Wang, K-H. and Hwang, T.T. and Chen, C.",
  title =        "{{E}xploiting {C}ommunication {C}omplexity for
                  {B}oolean {M}atching}",
  key =          "wang96",
  journal =      "IEEE Trans. on CAD",
  year =         "1996",
  volume =       "15",
  number =       "10",
  pages =        "1249-1256",
  month =        "Oct."
}

@Book{hurst85,
  author =       "Hurst, S.L. and Miller, D.M. and Muzio, J.C.",
  title =        "{{S}pectral {T}echniques in {D}igital {L}ogic}",
  publisher =    "Academic Press",
  year =         "1985",
  key =          "hurst85"
}

@Article{rajski92,
  author =       "Rajski, J. and Vasudevamurthy, J.",
  title =        "{{T}he {T}estability-{P}reserving {C}oncurrent {D}ecompostion
                  and {F}actorization of {B}oolean {E}xpressions}",
  key =          "rajski92",
  journal =      "IEEE Trans. on CAD",
  year =         "1992",
  volume =       "11",
  pages =        "778-793",
  month =        "June",
  note =         "Extract only double-divisors (kernels with 2 cubes)
                  and single divisors with two literals."
}

@InProceedings{vaishnav95,
  author =       "Vaishnav, H. and Pedram, M.",
  title =        "{{M}inimizing the {R}outing {C}ost {D}uring {L}ogic {E}xtracrion}",
  key =          "vaishnav95",
  pages =        "70-75",
  booktitle =    "Proc. 32nd Design Automation Conference",
  year =         "1995",
  month =        "June"
}

@InProceedings{pedram91,
  author =       "Pedram, M. and Bhat, N.",
  title =        "{{L}ayout {D}riven {L}ogic {R}estructuring/{D}ecomposition}",
  key =          "pedram91",
  pages =        "134-137",
  booktitle =    "Proc. ICCAD",
  year =         "1991",
  month =        "Nov."
}

@InProceedings{hwang89,
  author =       "Hwang, T.T. and Owens, R.M. and Irwin, M.J.",
  title =        "{{M}ulti-{L}evel {L}ogic {S}ynthesis {U}sing {C}ommunication
                  {C}omplexity}",
  key =          "hwang89",
  pages =        "215-220",
  booktitle =    "Proc. 29th Design Automation Conference",
  year =         "1989"
}

@Book{ghosh:book,
  author = 	 {Ghosh, A. and Devadas, S. and Newton, A.R.},
  title = 	 {{S}equential {L}ogic {T}esting and {V}erfication},
  publisher = 	 {Kluwer Academic Publishers},
  year = 	 {1992},
  key =		 {ghosh:book}
}

@Book{brown:book,
  author = 	 {Brown, F.},
  title = 	 {{B}oolean {R}easoning},
  publisher = 	 {Kluwer Academic Publishers},
  year = 	 {1990},
  key =		 {brown:book}
}

@Book{garey:book,
  author = 	 {Garey, M. R. and Johnson, D. S.},
  title = 	 {{C}omputers and {I}ntractability: {A} {G}uide to {T}heory of {N}{P}-{C}ompleteness},
  publisher = 	 {W. H. Freeman and Company},
  year = 	 {1979},
  key =		 {garey:book}
}

@InProceedings{avedillo:iscas90,
  author = 	 {Avedillo, M.J. and Quintana, J.M. and Huertas, J.L.},
  title = 	 {{N}ew {A}pproach to the {S}tate {R}eduction in {I}ncompletely
                  {S}pecified {S}equential {M}achines},
  booktitle = 	 {Proc. IEEE ISCAS},
  key =		 {avedillo:iscas90},
  year =	 {1990},
  month =	 {May},
  pages =	 {440-443}
}

@InProceedings{stamina:edac91,
  author = 	 {Hachtel, G.D. and Rho, J.-K. and Somenzi, F. and
                  Jacoby, R.},
  title = 	 {{E}xact and {H}euristic {A}lgorithms for the {M}inimization
                  of {I}ncompletely {S}pecified {S}tate {M}achines},
  booktitle = 	 {Proc. EDAC},
  key =		 {stamina:edac91},
  year =	 {1991},
  month =	 {Feb.},
  pages =	 {184-191}
}

@Article{stamina,
  author = 	 {Rho, J.-K. and Hachtel, G.D. and Somenzi, F. and
                  Jacoby, R.},
  title = 	 {{E}xact and {H}euristic {A}lgorithms for the {M}inimization
                  of {I}ncompletely {S}pecified {S}tate {M}achines},
  journal = 	 {IEEE Tr. on CAD},
  year = 	 {1994},
  key =		 {stamina},
  volume =	 {13},
  number =	 {2},
  month =	 {Feb.},
  pages =	 {167-177}
}

@InProceedings{ellen96,
  author = 	 {Sentovich, E.M. and Toma, H. and Berry, G.},
  title = 	 {{L}atch {O}ptimization in {C}ircuits {G}enerated
                  from {H}igh-level {D}escriptions},
  booktitle = 	 {Proc. ICCAD},
  key =		 {ellen96},
  year =	 {1996},
  month =	 {Nov.},
  pages =	 {428-435}
}

@InProceedings{berry93,
  author = 	 {Berry, G. and Touati, H.},
  title = 	 {{O}ptimized {C}ontroller {S}ynthesis using {E}sterel},
  booktitle = 	 {Proc. IWLS},
  key =		 {berry93},
  year =	 {1993},
  month =	 {May}
}

@Book{hachtel:book,
  author = 	 {Hachtel, G.D. and Somenzi, F.},
  title = 	 {{L}ogic {S}ynthesis and {V}erification {A}lgorithms},
  publisher = 	 {Kluwer Academic Publishers},
  year = 	 {1996},
  key =		 {hachtel:book}
}

@InProceedings{kms,
  author = 	 {Keutzer, K. and Malik, S. and Saldanha, A.},
  title = 	 {{I}s {R}edundancy {N}ecessary to {R}educe {D}elay?},
  booktitle = 	 {Proc. DAC},
  key =		 {kms},
  year =	 {1990},
  month =	 {June},
  pages =	 {228-234}
}

@Book{kohavi:book,
  author = 	 {Kohavi, Z.},
  title = 	 {{S}witching and {F}inite {A}utomata {T}heory},
  publisher = 	 {McGraw-Hill Book Company},
  year = 	 {1970},
  key =		 {kohavi:book}
}

@Book{hartmanis:book,
  author = 	 {Hartmanis, J. and Stearns, R.E.},
  title = 	 {{A}lgebraic {S}tructure {T}heory of {S}equential {M}achines},
  publisher = 	 {Prentice-Hall, Inc.},
  year = 	 {1966},
  key =		 {hartmanis:book}
}

@InProceedings{bommu:vlsi97,
  author = 	 {Bommu, S. and Ciesielski, M. and  O'Neill, N. and Kalla, P.},
  title = 	 {{S}equential {L}ogic {O}ptimization with {I}mplicit
                  {R}etiming and {R}esynthesis},
  booktitle = 	 {Proc. Intl. Conf. VLSI'97},
  key =		 {bommu:vlsi97},
  year =	 {1997},
  pages =	 {327-338}
}

@InProceedings{chakra:dac93,
  author = 	 {Chakradhar, S.T. and Dey, S. and Potkonjak, M. and
                  Rothweiler, S.G.},
  title = 	 {{S}equential {C}ircuit {D}elay {O}ptimization using
                  {G}lobal {P}ath {D}elays},
  booktitle = 	 {Proc. 30th DAC},
  key =		 {chakra:dac93},
  year =	 {1993},
  month =	 {June},
  pages =	 {483-489}
}

@Article{even:tcad96,
  author = 	 {Even, G. and Spillinger, I.Y. and Stok, L.},
  title = 	 {{R}etiming {R}evisited and {R}eversed},
  journal = 	 {IEEE Tr. on CAD},
  year = 	 {1996},
  key =		 {even:tcad96},
  volume =	 {15},
  number =	 {3},
  month =	 {Mar.},
  pages =	 {348-357}
}

@Article{touati:tcad93,
  author = 	 {Touati, H.J. and Brayton, R.K.},
  title = 	 {{C}omputing the {I}nitial {S}tates of {R}etimed {C}ircuits},
  journal = 	 {IEEE Tr. on CAD},
  year = 	 {1993},
  key =		 {touati:tcad93},
  volume =	 {12},
  number =	 {1},
  month =	 {Jan.},
  pages =	 {157-162}
}

@InProceedings{dey:iccad92,
  author = 	 {Dey, S. and Potkonjak, M. and Rothweiler, S.G.},
  title = 	 {{P}erformance {O}ptimization of {S}equential
                  {C}ircuits by {E}liminating {R}etiming {B}ottlenecks},
  booktitle = 	 {Proc. ICCAD'92},
  key =		 {dey:iccad92},
  year =	 {1992},
  month =	 {Nov.},
  pages =	 {504-509}
}

@InProceedings{coudert:iccad90,
  author = 	 {Coudert, O. and Madre, J.C.},
  title = 	 {{A} {U}nified {F}ramework for the {F}ormal
                  {V}erification of {S}equential {C}ircuits},
  booktitle = 	 {Proc. ICCAD},
  key =		 {coudert:iccad90},
  year =	 {1990},
  pages =	 {126-129}
}

@InProceedings{touati:iccad90,
  author = 	 {Touati, H.J. and Savoj, H. and Lin, B. and Brayton,
                  R.K. and Sangiovanni-Vincentelli, A.},
  title = 	 {{I}mplicit {S}tate {E}numeration of {F}inite {S}tate
                  {M}achines using {BDD}s},
  booktitle = 	 {Proc. ICCAD},
  key =		 {touati:iccad90},
  year =	 {1990},
  pages =	 {130-133}
}

@InProceedings{lin:iccad90,
  author = 	 {Lin, B. and Touati, H. and Newton, A. R.},
  title = 	 {{D}on't {C}are {M}inimization of {M}ultilevel
                  {S}equential {L}ogic {N}etworks},
  booktitle = 	 {Proc. ICCAD},
  key =		 {lin:iccad90},
  year =	 {1990},
  pages =	 {414-417}
}

@InProceedings{Hami90,
  author = 	 {Savoj, H. and Brayton, R.K.},
  title = 	 {{T}he use of {O}bservability and {E}xternal {D}on't
                  {C}ares for the {S}implification of
                  {M}ultiple-{L}evel {N}etworks},
  booktitle = 	 {Proc. Design Automation Conference},
  key =		 {Hami90},
  year =	 {1990}
}
@InProceedings{malik:time90,
  author = 	 {Malik, S. and Singh, K.J. and Brayton, R.K. and
                  Sangiovanni-Vincentelli, A.},
  title = 	 {{P}erformance {O}ptimization of {P}ipelined {C}ircuits},
  booktitle = 	 {Proc. Int. Workshop on Timing Issues in the
                  Specification and Design of Digital Systems},
  key =		 {malik:time90},
  year =	 {1990}
}

@InProceedings{shenoy:iccad94,
  author = 	 {Shenoy, N. and Rudell, R.},
  title = 	 {{E}fficient {I}mplementation of {R}etiming},
  booktitle = 	 {Proc. ICCAD},
  key =		 {shenoy:iccad94},
  year =	 {1994}
}

@InProceedings{lin:edac93,
  author = 	 {Lin, B.},
  title = 	 {{R}estructuring of {S}ynchronous {L}ogic {C}ircuits},
  booktitle = 	 {Proc. EDAC},
  key =		 {lin:edac93},
  year =	 {1993},
  pages =	 {205-209}
}

@InProceedings{soha:dac96,
  author = 	 {Hassoun, S. and Ebeling, C.},
  title = 	 {{A}rchitectural {R}etiming: {P}ipelining {L}atency
                  {C}onstrained {C}ircuits},
  booktitle = 	 {Proc. DAC},
  key =		 {soha:dac96},
  year =	 {1996},
  month =	 {June},
  OPTpages = 	 {}
}

@InProceedings{lalgudi:dac95,
  author = 	 {Lalgudi, K.N. and Papaefthymiou, M.C.},
  title = 	 {{D}ela{Y}: {A}n {E}fficient {T}ool for {R}etiming
                  with {R}ealistic {D}elay {M}odeling},
  booktitle = 	 {Proc. DAC},
  key =		 {lalgudi:dac95},
  year =	 {1995},
  month =	 {June},
  pages =	 {304-309}
}

@InProceedings{hachtel:iccad94,
  author = 	 {Hachtel, G.D. and Hermida, M. and Pardo, A. and
                  Poncino, M. and Somenzi, F.},
  title = 	 {{R}e-encoding {S}equential {C}ircuits to {R}educe
                  {P}ower {D}issipation},
  booktitle = 	 {Proc. ICCAD},
  key =		 {hachtel:iccad94},
  year =	 {1994},
  pages =	 {70-73}
}
@InProceedings{bcp92,
  author = 	 {Jeong, S. and Somenzi, F.},
  title = 	 {A {N}ew {A}lgorithm for the {B}inate {C}overing
                  {P}roblem and its {A}pplication to the
                  {M}inimization of {B}oolean {R}elations},
  booktitle = 	 {ICCAD},
  key =		 {bcp:92},
  year =	 {92},
  OPTpages =	 {417-420}
}

@Article{entrena:tcad95,
  author = 	 {Entrena, L.A. and Cheng, K.-T.},
  title = 	 {{C}ombinational and {S}equential {L}ogic
                  {O}ptimization by {R}edundancy {A}ddition and {R}emoval},
  journal = 	 {IEEE Tr. on CAD},
  year = 	 {1995},
  key =		 {entrena:tcad95},
  volume =	 {14},
  number =	 {7},
  month =	 {July},
  pages =	 {909-916}
}
@InProceedings{lin:90,
  author = 	 {Lin, B. and Somenzi, F.},
  title = 	 {{M}inimization of {S}ymbolic {R}elations},
  booktitle = 	 {ICCAD},
  OPTcrossref =  {},
  OPTkey = 	 {},
  OPTpages = 	 {88-91},
  year = 	 {90},
  OPTeditor = 	 {},
  OPTvolume = 	 {},
  OPTnumber = 	 {},
  OPTseries = 	 {},
  OPTaddress = 	 {},
  OPTmonth = 	 {},
  OPTorganization = {},
  OPTpublisher = {},
  OPTnote = 	 {},
  OPTannote = 	 {}
}

@Article{davis_putnam:60,
  author = 	 {Davis, M. and Putnam, H.},
  title = 	 {A {C}omputing {P}rocedure for {Q}uantification {T}heory},
  journal = 	 {Journal of the ACM},
  year = 	 {1960},
  key =		 {davis_putnam:60},
  volume =	 {7},
  number =	 {},
  month =	 {},
  pages =	 {201-215}
}

@Article{chang:tcad96,
  author = 	 {Chang, S.-C. and Marek-Sadowska, M. and Cheng, K.-T.},
  title = 	 {{P}erturb and {S}implify: {M}ultilevel {B}oolean
                  {N}etwork {O}ptimizer},
  journal = 	 {IEEE Tr. on CAD},
  year = 	 {1996},
  key =		 {chang:tcad96},
  volume =	 {15},
  number =	 {12},
  month =	 {Dec.},
  pages =	 {1494-1504}
}

@Article{kunz:tcad97,
  author = 	 {Kunz, W. and Stoffel, D. and Menon, P.R.},
  title = 	 {{L}ogic {O}ptimization and {E}quivalence {C}hecking
                  by {I}mplication {A}nalysis},
  journal = 	 {IEEE Tr. on CAD},
  year = 	 {1997},
  key =		 {kunz:tcad97},
  volume =	 {16},
  number =	 {3},
  month =	 {Mar.},
  pages =	 {266-281}
}

@InProceedings{potkonjak:iccd93,
  author = 	 {Potkonjak, M. and Dey, S. and Iqbal, Z. and Parker, A.},
  title = 	 {{H}igh {P}erformance {E}mbedded {S}ystem
                  {O}ptimization using {A}lgebraic and {G}eneralized
                  {R}etiming {T}echniques},
  booktitle = 	 {Proc. ICCD},
  key =		 {potkonjak:iccd93},
  year =	 {1993},
  pages =	 {498-504}
}

@TechReport{brand:tr95,
  author = 	 {Brand, D. and Bergamaschi, R.A. and Stok, L.},
  title = 	 {{D}on't {C}ares in {S}ynthesis: {T}heoretical
                  {P}itfalls and {P}ractical {S}olutions},
  institution =  {IBM T.J. Watson Research Center},
  year = 	 {1995},
  key =		 {brand:tr95},
  number =	 {RC 20127},
  address =	 {Yorktown Heights, NY},
  month =	 {Sep.}
}

@Article{kunz:tcad94,
  author = 	 {Kunz, W. and Pradhan, D.K.},
  title = 	 {{R}ecursive {L}earning: {A} {N}ew {I}mplication
                  {T}echnique for {E}fficient {S}olutions to {CAD}
                  {P}roblems -- {T}est, {V}erification and {O}ptimization},
  journal = 	 {IEEE Tr. on CAD},
  year = 	 {1994},
  key =		 {kunz:tcad94},
  volume =	 {13},
  number =	 {9},
  month =	 {Sep.},
  pages =	 {1143-1158}
}
@Article{blair:86,
  author = 	 {Blair, C. E. and {\it et al.} },
  title = 	 {{S}ome {R}esults and {E}xperiments in {P}rogramming
                  {T}echniques for {P}ropositional {L}ogic}, 
  journal = 	 {Comp. and Oper. Res.},
  year = 	 {1986},
  key =		 {blair:86},
  volume =	 {13},
  number =	 {5},
  month =	 {},
  pages =	 {633-645}
}

@Article{freeman:95,
  author = 	 {Freeman, J. W.},
  title = 	 {{I}mprovements to {P}ropositional {S}atisfiability
                  {S}earch {A}lgorithms},
  journal = 	 {Ph.D. Dissertation, Dept. of Comp. and
                  Inf. Sc., Univ. of Penn.},
  year = 	 {1995},
  key =		 {freeman:95},
  volume =	 {},
  number =	 {},
  month =	 {May},
  pages =	 {}
}

@PhdThesis{larabee:90,
  author = 	 {Larabee, T.},
  title = 	 {{E}fficient {G}eneration of {T}est {P}atterns using {S}atisfiability},
  school = 	 {Dept. of Computer Science, Stanford University},
  year = 	 {Feb. 1990}

}

@TechReport{stephan:92,
  author = 	 {Stephan, P. R. and Brayton, R. K. and
                  Sangiovanni-Vincentelli, A. L.},
  title = 	 {{C}ombinational {T}est {G}eneration using {S}atisfiability},
  institution =  {Dept. of EECS., Univ. of California at Berkeley},
  year = 	 {1992},
  OPTkey = 	 {},
  OPTtype = 	 {},
  number = 	 {UCB/ERL M92/112},
  OPTaddress = 	 {},
  month = 	 {Oct.},
  OPTnote = 	 {},
  OPTannote = 	 {}
}

@InProceedings{booledozer,
  author = 	 {Brand, D. and Damiano, R. and van Ginneken, L. and
                  Drumm, A.},
  title = 	 {{I}n the {D}river's {S}eat of {B}oole{D}ozer},
  booktitle = 	 {Proc. ICCD},
  key =		 {booledozer},
  year =	 {1994},
  month =	 {Oct.},
  pages =	 {518-521}
}

@InProceedings{BCP:88,
  author = 	 {Zabih, R. and McAllester, D. A.},
  title = 	 {A {R}earrangement {S}earch {S}trategy for {D}etermining {P}ropositional {S}atisfiability},
  booktitle = 	 {Proc. Natl. Conf. on AI},
  key =		 {BCP:88},
  year =	 {1988},
  month =	 {},
  OPTpages =	 {155-160}
}

@Book{abramovici:book,
  author = 	 {Abramovici, M. and Breuer, M.A. and Friedman, A.D.},
  title = 	 {{D}igital {S}ystems {T}esting and {T}estable {D}esign},
  publisher = 	 {IEEE Press},
  year = 	 {1990},
  key =		 {abramovici:book}
}

@Article{bryant:tcomp,
  author = 	 {Bryant, R.},
  title = 	 {{G}raph-based {A}lgorithms for {B}oolean {F}unction
                  {M}anipulation},
  journal = 	 {IEEE Tr. on Comp.},
  year = 	 {1986},
  key =		 {bryant:tcomp},
  volume =	 {C-35},
  number =	 {8},
  month =	 {Aug.},
  pages =	 {677-691}
}

@TechReport{pedram:phd,
  author = 	 {Pedram, M.},
  title = 	 {{A}n {I}ntegrated {A}pproach to {L}ogic {S}ynthesis
                  and {P}hysical {D}esign},
  institution =  {Semiconductor Research Corporation (SRC)},
  year = 	 {1991},
  key =		 {pedram:phd},
  number =	 {T91133},
  annote =	 {also, Ph.D. thesis, ERL, Univ. of Calif., Berkeley.}
}

@InProceedings{dac97:dsm:panel,
  author = 	 {},
  title = 	 {{P}anel: {P}hysical {D}esign and {S}ynthesis:
                  {M}erge or {D}ie!},
  booktitle = 	 {Proc. DAC},
  key =		 {dac97:dsm:panel},
  year =	 {1997},
  month =	 {June},
  pages =	 {238-239}
}

@InProceedings{dac97:noise:panel,
  author = 	 {},
  title = 	 {{P}anel: {N}oise and {S}ignal {I}ntegrity in {D}eep
                  {S}ubmicron {D}esign},
  booktitle = 	 {Proc. DAC},
  key =		 {dac97:noise:panel},
  year =	 {1997},
  month =	 {June},
  pages =	 {720-721}
}

@Book{sematech:ntrs,
  author = 	 {Sematech, Inc.},
  title = 	 {Nattional Technology Roadmap for Semiconductors},
  publisher = 	 {Sematech},
  year = 	 {1997},
  key =		 {sematech:ntrs},
  address =	 {http://www.sematech.org/}
}

@Article{gordian,
  author = 	 {Kleinhans, J.M. and Sigl, G. and Johannes, F.M. and
                  Antreich, K.J.},
  title = 	 {{GORDIAN}: {VLSI} {P}lacement by {Q}uadratic
                  {P}rogramming and {S}licing {O}ptimization},
  journal = 	 {IEEE Tr. on CAD},
  year = 	 {1991},
  key =		 {gordian},
  volume =	 {10},
  number =	 {3},
  month =	 {Mar.},
  pages =	 {356-365}
}

@Article{akers,
  author = 	 {Akers, S.B.},
  title = 	 {{A} {R}ectangular {L}ogic {A}rray},
  journal = 	 {IEEE Trans. on Comp.},
  year = 	 {1972},
  key =		 {akers},
  volume =	 {C-21},
  number =	 {8},
  month =	 {Aug.},
  pages =	 {848-857}
}

@TechReport{ilya:techrep,
  author = 	 {Levin, I. and Ciesielski, M.J.},
  title = 	 {EV-tree based synthesis??},
  institution =  {Univ. of Massachusetts, Amherst},
  year = 	 {1998},
  key =		 {ilya:techrep},
  number =	 {CSE-TR-98-03},
  address =	 {Dept. of ECE, Univ. of Massachusetts, Amherst, MA 01003.}
}

@Article{keutzer:www,
  author = 	 {Keutzer, K.},
  title = 	 {{N}ew {C}hallenges in the {A}utomation of
                  {R}egister-transfer {L}evel {D}esign},
  journal = 	 {http://www-cad.eecs.berkeley.edu:80/HomePages/keutzer/course-desc.html},
  year = 	 {1997}
}

@TechReport{perkow:lattice,
  author = 	 {Perkowski, M.A. and Chrzanowska-Jeske, M. and Xu, Y.},
  title = 	 {{M}ulti-level {P}rogrammable {A}rrays for
                  {S}ub-micron {T}echnology {B}ased on {S}ymmetries},
  institution =  {Portland State University},
  key =		 {perkow:lattice},
  address =	 {Dept. of ECE, Portland State University, Portland,
                  OR 97207.}
}

@Article{elmore48,
  author = 	 {Elmore, E.},
  title = 	 {{T}he {T}ransient {R}esponse of {D}amped {L}inear
                  {N}etworks with {P}articular {R}egard to {W}ideband
                  {A}mplifiers},
  journal = 	 {J. Appl. Phys.},
  year = 	 {1948},
  key =		 {elmore48},
  month =	 {Jan.},
  pages =	 {55-63}
}

@Article{rubinstein:tcad83,
  author = 	 {Rubinstein, J. and Penfield, P. and Horowitz, M.},
  title = 	 {{S}ignal {D}elay in {RC} {N}etworks},
  journal = 	 {IEEE Tr. on CAD},
  year = 	 {1983},
  key =		 {rubinstein:tcad83},
  volume =	 {CAD-2},
  month =	 {July},
  pages =	 {202-211}
}

@Article{pileggi:www,
  author = 	 {Pileggi, L.},
  title = 	 {{ISPD}-98 {T}utorial: {T}iming {M}etrics for
                  {P}hysical {D}esign of {D}eep {S}ubmicron
                  {T}echnologies},
  journal = 	 {http://www.ece.cmu.edu/afs/ece/usr/pileggi/.home-page.html},
  year = 	 {1998},
  key =		 {pillegi:www}
}

@InProceedings{meinel:fmcad96,
  author = 	 {Meinel, C. and Theobald, T.},
  title = 	 {{L}ocal {E}ncoding {T}ransformations for {O}ptimizing {OBDD}-{R}epresentations of Finite State Machines},
  booktitle = 	 {Proc. FMCAD'96},
  key =		 {meinel:fmcad96},
  year =	 {1996},
  pages =	 {404-418}
}

@InProceedings{fujita:iwls95,
  author = 	 {Fujita, M. and Kukimoto, Y. and Brayton, R.K.},
  title = 	 {{BDD} {M}inimization by {T}ruth {T}able {P}ermutations},
  booktitle = 	 {Proc. IWLS'95},
  key =		 {fujita:iwls95},
  year =	 {1995}
}

@TechReport{biyer:tr98,
  author = 	 {Iyer, B. and Ciesielski, M.J.},
  title = 	 {{R}eencoding for {C}ycle-{T}ime {M}inimization under {F}ixed {E}ncoding {L}ength},
  institution =  {Department of ECE, University of Massachusetts, Amherst, MA 01003.},
  year = 	 {1998},
  key =		 {biyer:tr98},
  number =	 {TR-98-04}
}

@InProceedings{pixley:iccad94,
  author = 	 {Pixley, C. and Singhal, V. and Aziz, A. and Brayton, R.K.},
  title = 	 {{M}ulti-level {S}ynthesis for {S}afe {R}eplaceability},
  booktitle = 	 {Proc. ICCAD'94},
  key =		 {pixley:iccad94},
  year =	 {1994}
}

@Article{espresso:mv,
  author = 	 {Rudell, R. and Sangiovanni-Vincentelli, A.},
  title = 	 {{M}ultiple-valued {M}inimization for {PLA} {O}ptimization},
  journal = 	 {IEEE Tr. on CAD},
  year = 	 {1987},
  pages = 	 {727-750},
  volume = {CAD-6},
  month = 	 {Sept.}

}

@InProceedings{Sing95,
  author = 	 {Singhal, V. and Pixley, C. and Rudell, R. L. and Brayton, R.K.},
  title = 	 {{T}he {V}alidity of {R}etiming {S}equential {C}ircuits},
  booktitle = 	 {Proc. Design Automation Conference},
  key =		 {Sing95},
  year =	 {1995}
}

@InProceedings{Sing96,
  author = 	 {Singhal, V. and Malik, S. and Brayton, R.K.},
  title = 	 {{T}he {C}ase for {R}etiming with {E}xplicit {R}eset {C}ircuitry},
  booktitle = 	 {Proc. ICCAD},
  key =		 {Sing96},
  year =	 {1996},
  pages =        {618-625}
}


@InProceedings{BHEL96,
  author = 	 {Brayton, R. K. and Hachtel, G. D. and
		  Sangiovanni-Vencentelli, A. and Somenzi, F. and
		  Aziz, A. and Cheng, S-T. and Edwards, S. and
		  Khatri, S. and Kukimoto, Y. and Pardo, A. and
		  Qadeer, S. and Ranjan, R. and Sarwary, S. and
		  Shiple, S. Swamy, G. and Villa, T.},
  title = 	 {{VIS}: {A} {S}ystem for {V}erification and {S}ynthesis},
  booktitle = 	 {Computer aided Verification},
  OPTcrossref =  {},
  OPTkey = 	 {},
  OPTpages = 	 {},
  year = 	 {1996},
  OPTeditor = 	 {},
  OPTvolume = 	 {},
  OPTnumber = 	 {},
  OPTseries = 	 {},
  OPTaddress = 	 {},
  OPTmonth = 	 {},
  OPTorganization = {},
  OPTpublisher = {},
  OPTnote = 	 {},
  OPTannote = 	 {}
}

@InProceedings{add,
  author = 	 {Bahar, I. and Frohm, E. A. and Gaona, C. M. and
                  Hachtel, G. D. and Macii, E. and Pardo, A. and
                  Somenzi, F.},
  title = 	 {{A}lgebraic {D}ecision {D}iagrams and their {A}pplications},
  booktitle = 	 {ICCAD},
  OPTcrossref =  {},
  OPTkey = 	 {},
  pages = 	 {188-191},
  year = 	 {93},
  OPTeditor = 	 {},
  OPTvolume = 	 {},
  OPTnumber = 	 {},
  OPTseries = 	 {},
  OPTaddress = 	 {},
  month = 	 {Nov.},
  OPTorganization = {},
  OPTpublisher = {},
  OPTnote = 	 {},
  OPTannote = 	 {}
}

@Article{bsat_euromicro,
  author = 	 {Kalla, P. and Zeng, Z. and Ciesielski, M.},
  title = 	 {{S}trategies for {S}olving the {B}oolean {S}atisfiability
                  {P}roblem using {B}inary {D}ecision {D}iagrams },
  journal = 	 {Journal of Systems Architecture, The Euromicro Journal},
  year = 	 {2001},
  OPTkey = 	 {},
  volume = 	 {47},
  number = 	 {6},
  pages = 	 {491-503},
  month = 	 {Sept.},
  OPTnote = 	 {},
  OPTannote = 	 {}
}

@PhdThesis{ted:priyank_thesis,
  author =       {Priyank Kalla},
  title =        {An {I}nfrastructure for {RTL} {V}alidation and {V}erification},
  school =       {University of Massachusetts Amherst},
  year =         {2002},
  OPTkey =       {},
  OPTtype =      {},
  address =      {Dept. of ECE, UMASS, Amherst, MA-01003},
  OPTmonth =     {},
  OPTnote =      {},
  OPTannote =    {}
}



@InProceedings{ted_date03,
  author = 	 {Kalla, P. and Ciesielski, M. and Boutillon, E.},
  title = 	 {{H}igh-{L}evel {D}esign {V}erification using {T}aylor
                  {E}xpansion {D}iagrams: {R}esults and {C}onclusions},
  booktitle = 	 {in review, Design Automation and Test in Europe, DATE},
  OPTcrossref =  {},
  OPTkey = 	 {},
  pages = 	 {},
  year = 	 {2003},
  OPTeditor = 	 {},
  OPTvolume = 	 {},
  OPTnumber = 	 {},
  OPTseries = 	 {},
  OPTaddress = 	 {},
  month = 	 {},
  OPTorganization = {},
  OPTpublisher = {},
  OPTnote = 	 {},
  OPTannote = 	 {}
}


@InProceedings{ted_hldvt02,
  author = 	 {Kalla, P. and Ciesielski, M. and Boutillon, E.},
  title = 	 {{H}igh-{L}evel {D}esign {V}erification using {T}aylor
                  {E}xpansion {D}iagrams: {F}irst {R}esults},
  booktitle = 	 {High-level Design Valid. and Test Workshop},
  OPTcrossref =  {},
  OPTkey = 	 {},
  pages = 	 {},
  year = 	 {2002},
  OPTeditor = 	 {},
  OPTvolume = 	 {},
  OPTnumber = 	 {},
  OPTseries = 	 {},
  OPTaddress = 	 {},
  month = 	 {Oct},
  OPTorganization = {},
  OPTpublisher = {},
  OPTnote = 	 {},
  OPTannote = 	 {}
}

@InProceedings{TUD-DD,
  author = 	 {Horeth, S.},
  title = 	 {{I}mplementation of {M}ultiple {D}omain {D}ecision {D}iagram {P}ackage},
  booktitle = 	 {Proc. CHARME'97},
  OPTcrossref =  {},
  OPTkey = 	 {},
  pages = 	 {185-202},
  year = 	 {1997},
  OPTeditor = 	 {},
  OPTvolume = 	 {},
  OPTnumber = 	 {},
  OPTseries = 	 {},
  OPTaddress = 	 {},
  month = 	 {Oct},
  OPTorganization = {},
  OPTpublisher = {},
  OPTnote = 	 {},
  OPTannote = 	 {}
}



@Article{bloniarz:84,
  author = 	 {Bloniarz, P. and Hunt, H. and Rosenkrantz, D.},
  title = 	 {{A}lgebraic {S}tructures with {H}ard {E}quivalence
                  and {M}inimization {P}roblems},
  journal = 	 {Journal of the ACM},
  year = 	 {1984},
  OPTkey = 	 {},
  volume = 	 {31},
  number = 	 {4},
  pages = 	 {879-904},
  OPTmonth = 	 {},
  OPTnote = 	 {},
  OPTannote = 	 {}
}

@Article{ibarra_simplify:81,
  author = 	 {Gurari, E. and Ibarra, O.},
  title = 	 {{T}he {C}omplexity of the {E}quivalence {P}roblem
                  for {S}imple {P}rograms},
  journal = 	 {Journal of the ACM},
  year = 	 {1981},
  OPTkey = 	 {},
  volume = 	 {28},
  number = 	 {3},
  pages = 	 {535-560},
  month = 	 {July},
  OPTnote = 	 {},
  OPTannote = 	 {}
}

@Article{ibarra_simplify:83,
  author = 	 {Ibarra, O. and Leninger, B.},
  title = 	 {On The {S}implification and {E}quivalence {P}roblems
                  for {S}traight-{L}ine {P}rograms},
  journal = 	 {Journal of the ACM},
  year = 	 {1981},
  OPTkey = 	 {},
  volume = 	 {28},
  number = 	 {3},
  pages = 	 {535-560},
  month = 	 {July},
  OPTnote = 	 {},
  OPTannote = 	 {}
}


@InProceedings{ibarra_equiv:80,
  author = 	 {Ibarra, O. and Leninger, B.},
  title = 	 {{T}he {C}omplexity of the {E}quivalence {P}roblem
                  for {S}traight-{L}ine {P}rograms},
  OPTcrossref =  {},
  OPTkey = 	 {},
  booktitle = {Annual ACM Symposium on Theory of Computing},
  pages = 	 {273 - 280 },
  year = 	 {1980},
  OPTeditor = 	 {},
  OPTvolume = 	 {},
  OPTnumber = 	 {},
  OPTseries = 	 {},
  OPTaddress = 	 {},
  OPTmonth = 	 {},
  OPTorganization = {},
  OPTpublisher = {},
  OPTnote = 	 {},
  OPTannote = 	 {}
}

@Article{ibarra,
  author = 	 {Ibarra, O. H. and Moran, S.},
  title = 	 {{P}robabilistic {A}lgorithms for {D}eciding {E}quivalence of
                  {S}traight-{L}ine {P}rograms },
  journal = 	 {Journal of the Association for Computing Machinery},
  year = 	 {1983},
  OPTkey = 	 {},
  volume = 	 {30},
  number = 	 {1},
  pages = 	 {217-228},
  month = 	 {Jan.},
  OPTnote = 	 {},
  OPTannote = 	 {}
}




@InProceedings{gonnet:stc84,
  author = 	 {Gonnet, G.},
  title = 	 {Determining equivalence of expressions in random
                  polynomial time},
  OPTcrossref =  {},
  OPTkey = 	 {},
  booktitle = {Proc. ACM. Symp. Theory Comp.},
  pages = 	 {334-341},
  year = 	 {1984},
  OPTeditor = 	 {},
  OPTvolume = 	 {},
  OPTnumber = 	 {},
  OPTseries = 	 {},
  OPTaddress = 	 {},
  OPTmonth = 	 {},
  OPTorganization = {},
  OPTpublisher = {},
  OPTnote = 	 {},
  OPTannote = 	 {}
}



@Article{martin:hash-coding,
  author = 	 {Martin, W. A.},
  title = 	 {Determining the equivalence of algebraic expressions
                  by hash coding},
  journal = 	 {Journal of the ACM},
  year = 	 {1971},
  OPTkey = 	 {},
  volume = 	 {18},
  OPTnumber = 	 {},
  pages = 	 {549-558},
  OPTmonth = 	 {},
  OPTnote = 	 {},
  OPTannote = 	 {}
}

%%%%%%%%%%%%% kaltofen

@InProceedings{kaltofen:plenary03,
  author = 	 {Kaltofen, E.},
  title = 	 {Polynomial {F}actorization: {A} {S}uccess {S}tory},
  OPTcrossref =  {},
  OPTkey = 	 {},
  booktitle = {Intl. Symp. Symbolic Algebraic Comput., invited talk},
  OPTpages = 	 {},
  OPTyear = 	 {2003},
  OPTeditor = 	 {},
  OPTvolume = 	 {},
  OPTnumber = 	 {},
  OPTseries = 	 {},
  OPTaddress = 	 {},
  OPTmonth = 	 {},
  OPTorganization = {},
  OPTpublisher = {},
  OPTnote = 	 {},
  OPTannote = 	 {}
}

@InCollection{kaltofen:survey1,
  author = 	 {Kaltofen, E.},
  title = 	 {Polynomial factorization 1982-1986},
  booktitle = 	 {Computers in Mathematics, Lecture Notes in Pure and
                  Applied Mathematics}, 
  pages = 	 {285-309},
  year = 	 {1990},
  editor = 	 {D. V. Chudnovsky and R. D. Jenks},
  publisher =    {Dekker},
  OPTcrossref =  {},
  OPTkey = 	 {},
  OPTpublisher = {},
  OPTvolume = 	 {},
  OPTnumber = 	 {},
  OPTseries = 	 {},
  OPTtype = 	 {},
  OPTchapter = 	 {},
  OPTaddress = 	 {},
  OPTedition = 	 {},
  OPTmonth = 	 {},
  OPTnote = 	 {},
  OPTannote = 	 {}
}

@InProceedings{kaltofen:survey2,
  author = 	 {Kaltofen, E.},
  title = 	 {Polynomial factorization 1987-1991},
  OPTcrossref =  {},
  OPTkey = 	 {},
  booktitle = {Proc. LATIN '92, LNCS},
  pages = 	 {294-313},
  year = 	 {1992},
  editor = 	 {I. Simon},
  OPTvolume = 	 {},
  OPTnumber = 	 {},
  OPTseries = 	 {},
  OPTaddress = 	 {},
  OPTmonth = 	 {},
  OPTorganization = {},
  OPTpublisher = {},
  OPTnote = 	 {},
  OPTannote = 	 {}
}

@InCollection{kaltofen:factor-slp,
  author = 	 {Kaltofen, E.},
  title = 	 {Factorization of polynomials given by straight-line programs},
  booktitle = 	 {S. Micali, editor, Randomness and Computation,
                  Advances in Computing Research}, 
  OPTcrossref =  {},
  OPTkey = 	 {},
  OPTpages = 	 {375-412},
  OPTpublisher = {},
  OPTyear = 	 {1989},
  OPTeditor = 	 {},
  OPTvolume = 	 {},
  OPTnumber = 	 {},
  OPTseries = 	 {},
  OPTtype = 	 {},
  OPTchapter = 	 {},
  OPTaddress = 	 {},
  OPTedition = 	 {},
  OPTmonth = 	 {},
  OPTnote = 	 {},
  OPTannote = 	 {}
}

@InProceedings{Hitz:issac99,
  author = 	 {Hitz, M. and Kaltofen, E. and Yagati, L.},
  title = 	 {Efficient algorithms for computing the nearest
                  polynomial with a real root and related problems}, 
  OPTcrossref =  {},
  OPTkey = 	 {},
  booktitle = {Proc. Intl. Symp. Symbolic Algebraic Comput. },
  pages = 	 {205-212},
  year = 	 {1999},
  OPTeditor = 	 {},
  OPTvolume = 	 {},
  OPTnumber = 	 {},
  OPTseries = 	 {},
  OPTaddress = 	 {},
  OPTmonth = 	 {},
  OPTorganization = {},
  OPTpublisher = {},
  OPTnote = 	 {},
  OPTannote = 	 {}
}

@Article{gao:jsc04,
  author = 	 {Gao, S. and Kaltofen, E. and Lauder, A.},
  title = 	 {Deterministic distinct degree factorization for
                  polynomials over finite fields}, 
  journal = 	 {Journal of Symb. Comp.},
  year = 	 {2004},
  OPTkey = 	 {},
  volume = 	 {38},
  number = 	 {6},
  pages = 	 {1461-1470},
  OPTmonth = 	 {},
  OPTnote = 	 {},
  OPTannote = 	 {}
}

@Article{kaltofen:JCSC95,
  author = 	 {Kaltofen, E.},
  title = 	 {Effective {N}oether irreducibility forms and applications},
  journal = 	 {J. Comput. System Sci.},
  year = 	 {1995},
  OPTkey = 	 {},
  OPTvolume = 	 {50},
  OPTnumber = 	 {2},
  OPTpages = 	 {274-295},
  OPTmonth = 	 {},
  OPTnote = 	 {},
  OPTannote = 	 {}
}

@Article{kaltofen:siam85,
  author = 	 {Kaltofen, E.},
  title = 	 {Polynomial-time reductions from multivariate to bi-
                  and univariate integral polynomial factorization}, 
  journal = 	 {SIAM J. Comput.},
  year = 	 {1985},
  OPTkey = 	 {},
  volume = 	 {14},
  number = 	 {2},
  pages = 	 {469-489},
  OPTmonth = 	 {},
  OPTnote = 	 {},
  OPTannote = 	 {}
}

@PhdThesis{kaltofen:phd,
  author = 	 {Kaltofen, E.},
  title = 	 {On the complexity of factoring polynomials with
                  integer coefficients}, 
  school = 	 {Rensselaer Polytechnic Instit.},
  year = 	 {1982},
  OPTkey = 	 {},
  OPTtype = 	 {},
  OPTaddress = 	 {},
  OPTmonth = 	 {},
  OPTnote = 	 {},
  OPTannote = 	 {}
}




@InProceedings{kaltofen:issac97,
  author = 	 {Kaltofen, E. and Shoup, V.},
  title = 	 {Fast polynomial factorization over high algebraic
                  extensions of finite fields}, 
  OPTcrossref =  {},
  OPTkey = 	 {},
 booktitle = {Proc. Intl. Symp. Symbolic Algebraic Comp.},
  pages = 	 {184-188},
  year = 	 {1997},
  OPTeditor = 	 {},
  OPTvolume = 	 {},
  OPTnumber = 	 {},
  OPTseries = 	 {},
  OPTaddress = 	 {},
  OPTmonth = 	 {},
  OPTorganization = {},
  OPTpublisher = {},
  OPTnote = 	 {},
  OPTannote = 	 {}
}

@Article{kaltofen:subquad98,
  author = 	 {Kaltofen, E. and Shoup, V.},
  title = 	 {Subquadratic-time factoring of polynomials over finite fields},
  journal = 	 {Math. Comp.},
  year = 	 {},
  OPTkey = 	 {},
  volume = 	 {67},
  number = 	 {223},
  pages = 	 {1179-1197},
  OPTmonth = 	 {},
  OPTnote = 	 {},
  OPTannote = 	 {}
}

@InProceedings{diaz:issac95,
  author = 	 {Diaz, A. and Kaltofen, E.},
  title = 	 {On computing greatest common divisors with
                  polynomials given by black boxes for their
                  evaluation}, 
  OPTcrossref =  {},
  OPTkey = 	 {},
  booktitle = {Proc. Intl. Symp. Symbolic Algebraic Comp.},
  pages = 	 {232-239},
  year = 	 {1995},
  OPTeditor = 	 {},
  OPTvolume = 	 {},
  OPTnumber = 	 {},
  OPTseries = 	 {},
  OPTaddress = 	 {},
  OPTmonth = 	 {},
  OPTorganization = {},
  OPTpublisher = {},
  OPTnote = 	 {},
  OPTannote = 	 {}
}

@Article{kaltofen,
  author = 	 {Kaltofen, E.},
  title = 	 {{G}reatest {C}ommon {D}ivisors of {P}olynomials
                  {G}iven by {S}traight-{L}ine {P}rograms},
  journal = 	 {Journal of the ACM},
  year = 	 {1988},
  OPTkey = 	 {},
  volume = 	 {35},
  number = 	 {1},
  pages = 	 {231-264},
  month = 	 {Jan.},
  OPTnote = 	 {},
  OPTannote = 	 {}
}

@Article{dagwood,
  author = 	 {Freeman, T. S. and Imirzian, G. M. and Kaltofen, E. and Yagati, L},
  title = 	 {{DAGWOOD} {A} {S}ystem for {M}anipulating {P}olynomials
                  {G}iven by {S}traight-{L}ine {P}rograms},
  journal = 	 {Journal of the ACM Transactions on Mathematical Software},
  year = 	 {1988},
  OPTkey = 	 {},
  volume = 	 {14},
  number = 	 {3},
  pages = 	 {218-240},
  month = 	 {Sept.},
  OPTnote = 	 {},
  OPTannote = 	 {}
}

@TechReport{singular,
  author = 	 {Greuel, G. M. and Pfister, G. and Schonemann, H.},
  title = 	 {{\sc Singular} 2.0},
  type =         {{A Computer Algebra System for Polynomial Computations}},
  institution =  {Centre for Computer Algebra},
  address = 	 {University of Kaiserslautern},
  year =         {2001},
  note = 	 {{\tt http://www.singular.uni-kl.de}},
}

@TechReport{macaulay,
  author = 	 {Bayer, D. and Stillman, M},
  title = 	 {{\sc Macaulay} 3.1},
  type =         {{A system for computation in algebraic geometry and commutative algebra}},
  institution =  {Cornell University, Columbia University},
  address = 	 {},
  year =         {2000},
  note = 	 {{\tt http://www.math.columbia.edu/~bayer/Macaulay/}},
}

@InProceedings{uclid,
  author = 	 {Lahiri, S. K. and Seshia. S. A. and Bryant, R. E.},
  title = 	 {{M}odeling and {V}erification of {O}ut-of-order {M}icroprocessors in {UCLID}},
  booktitle = 	 {International  Conference on Formal Methods in Computer-Aided Design (FMCAD '02)},
  OPTcrossref =  {},
  OPTkey = 	 {},
  pages = 	 {142-158},
  year = 	 {2002},
  OPTeditor = 	 {},
  OPTvolume = 	 {},
  OPTnumber = 	 {},
  OPTseries = 	 {},
  OPTaddress = 	 {},
  month = 	 {Nov},
  OPTorganization = {},
  OPTpublisher = {},
  OPTnote = 	 {},
  OPTannote = 	 {}
}

@InProceedings{mibench,
  author = 	 {Guthaus, M. R. and Ringenberg, J. S. and Ernst, D. and Austin, T. M. and Mudge, T. and Brown, R. B.},
  title = 	 {{M}iBench: {A} {F}ree, {C}ommercially {R}epresentative {E}mbedded {B}enchmark {S}uite},
  booktitle = 	 {IEEE 4th Annual Workshop on Workload Characterization},
  OPTcrossref =  {},
  OPTkey = 	 {},
  pages = 	 {},
  year = 	 {2001},
  OPTeditor = 	 {},
  OPTvolume = 	 {},
  OPTnumber = 	 {},
  OPTseries = 	 {},
  OPTaddress = 	 {Austin, TX},
  month = 	 {Dec},
  OPTorganization = {},
  OPTpublisher = {},
  OPTnote = 	 {},
  OPTannote = 	 {}
}

@Article{abstract-cong-closure,
  author =       {Bachmair, L. and Tiwari, A. and Vigneron, L.},
  title =        {Abstract Congruence Closure},
  journal =      {Journal of Automated Reasoning},
  year =         {2003},
  OPTkey =       {},
  OPTvolume =    {},
  OPTnumber =    {},
  volume = 	 {31},
  number = 	 {2},
  pages =        {129-168},
  month =        {June},
  OPTnote =      {},
  OPTannote =    {}
}

@InProceedings{moller_gbasis,
 author = {Moller, H. M. and Mora, T. and Traverso, C.},
 title = {{G}r$\ddot{o}$bner {B}ases {C}omputation using {S}yzygies},
 booktitle = {ISSAC '92: Papers from the international symposium on Symbolic and algebraic computation},
 year = {1992},
 OPTisbn = {0-89791-489-9},
 pages = {320--328},
 OPTlocation = {Berkeley, California, United States},
 OPTdoi = {http://doi.acm.org/10.1145/143242.143343},
 publisher = {ACM Press},
 OPTaddress = {New York, NY, USA},
 }

@InProceedings{dec-bit,
  author = 	 {Moller, M.O. and Ruess.H },
  title = 	 {{S}olving {B}it-{V}ector {E}quations},
  booktitle = 	 {Proc. FMCAD'98},
  OPTcrossref =  {},
  OPTkey = 	 {},
  pages = 	 {36-48},
  year = 	 {1998},
  OPTeditor = 	 {},
  OPTvolume = 	 {},
  OPTnumber = 	 {},
  OPTseries = 	 {},
  OPTaddress = 	 {},
  month = 	 {},
  OPTorganization = {},
  OPTpublisher = {},
  OPTnote = 	 {},
  OPTannote = 	 {}
}

@InProceedings{tiwari_dbases,
  author = 	 {Bachmair, L. and Tiwari, A.},
  title = 	 {{D}-bases for {P}olynomial {I}deals over {C}ommutative {N}eotherian {R}ings},
  booktitle = 	 {Proc. 10th International Conference on Rewriting Techniques and Applications},
  OPTcrossref =  {},
  OPTkey = 	 {},
  pages = 	 {5-20},
  year = 	 {1997},
  OPTeditor = 	 {},
  volume = 	 {230},
  OPTnumber = 	 {},
  OPTseries = 	 {},
  OPTaddress = 	 {},
  OPTmonth = 	 {},
  OPTorganization = {},
  publisher = {Springer-Verlag},
  OPTnote = 	 {},
  OPTannote = 	 {}
}

@InProceedings{tiwari_gbases,
  author = 	 {Bachmair, L. and Tiwari, A.},
  title = 	 {{G}robner {B}ases for {P}olynomial {I}deals over {C}ommutative {N}eotherian {R}ings and {R}elated {R}esults},
  booktitle = 	 {Proc. 10th International Conference on Rewriting Techniques and Applications},
  OPTcrossref =  {},
  OPTkey = 	 {},
  pages = 	 {5-20},
  year = 	 {1997},
  OPTeditor = 	 {},
  volume = 	 {230},
  OPTnumber = 	 {},
  OPTseries = 	 {},
  OPTaddress = 	 {},
  OPTmonth = 	 {},
  OPTorganization = {},
  publisher = {Springer-Verlag},
  OPTnote = 	 {},
  OPTannote = 	 {}
}

@InProceedings{devadas:iccd91,
  author = 	 {Devadas, S. and Keutzer, K. and Krishnakumar, A.},
  title = 	 {Design verification and reachability analysis using
                  algebraic manipulation},
  booktitle = 	 {Proc. ICCD},
  OPTcrossref =  {},
  OPTkey = 	 {},
  OPTpages = 	 {},
  year = 	 {91},
  OPTeditor = 	 {},
  OPTvolume = 	 {},
  OPTnumber = 	 {},
  OPTseries = 	 {},
  OPTaddress = 	 {},
  OPTmonth = 	 {},
  OPTorganization = {},
  OPTpublisher = {},
  OPTnote = 	 {},
  OPTannote = 	 {}
}

@Book{presburger,
  author = 	 {Enderton, H.},
  ALTeditor = 	 {},
  title = 	 {A mathematical introduction to logic},
  publisher = 	 {Academic Press New York},
  year = 	 {1972},
  OPTkey = 	 {},
  OPTvolume = 	 {},
  OPTnumber = 	 {},
  OPTseries = 	 {},
  OPTaddress = 	 {},
  OPTedition = 	 {},
  OPTmonth = 	 {},
  OPTnote = 	 {},
  OPTannote = 	 {}
}

@InProceedings{bultan:issta98,
  author = 	 {Bultan, T. and et al},
  title = 	 {Verifying systems with integer constraints and
                  boolean predicates: a composite approach},
  booktitle = 	 {In Proc. Int'l. Symp. on Software Testing and Analysis},
  OPTcrossref =  {},
  OPTkey = 	 {},
  OPTpages = 	 {},
  year = 	 {1998},
  OPTeditor = 	 {},
  OPTvolume = 	 {},
  OPTnumber = 	 {},
  OPTseries = 	 {},
  OPTaddress = 	 {},
  OPTmonth = 	 {},
  OPTorganization = {},
  OPTpublisher = {},
  OPTnote = 	 {},
  OPTannote = 	 {}
}

@InProceedings{zhou:dac95,
  author = 	 {Zhou, Z. and Burleson, W.},
  title = 	 {{E}quivalence {C}hecking of {D}atapaths {B}ased on
                  {C}anonical {A}rithmetic {E}xpressions}, 
  booktitle = 	 {DAC},
  OPTcrossref =  {},
  OPTkey = 	 {},
  OPTpages = 	 {},
  year = 	 {95},
  OPTeditor = 	 {},
  OPTvolume = 	 {},
  OPTnumber = 	 {},
  OPTseries = 	 {},
  OPTaddress = 	 {},
  OPTmonth = 	 {},
  OPTorganization = {},
  OPTpublisher = {},
  OPTnote = 	 {},
  OPTannote = 	 {}
}

@Article{shostak:acm84,
  author = 	 {Shostak, R. E.},
  title = 	 {{D}eciding {C}ombinations of {T}heories},
  journal = 	 {Journal of ACM},
  year = 	 {1984},
  OPTkey = 	 {},
  volume = 	 {31},
  number = 	 {1},
  pages = 	 {1-12},
  OPTmonth = 	 {},
  OPTnote = 	 {},
  OPTannote = 	 {}
}

@InProceedings{pvs:icad92,
  author = 	 {Owre, S. and Rushby, J. and Shankar, N.},
  title = 	 {{PVS}: {A} {P}rototype {V}erification {S}ystem}, 
  booktitle = 	 {In 11th International Conference on Automated Deduction},
  OPTcrossref =  {},
  OPTkey = 	 {},
  pages = 	 {748-752},
  year = 	 {1992},
  OPTeditor = 	 {},
  OPTvolume = 	 {},
  OPTnumber = 	 {},
  OPTseries = 	 {},
  OPTaddress = 	 {},
  OPTmonth = 	 {},
  OPTorganization = {},
  OPTpublisher = {},
  OPTnote = 	 {},
  OPTannote = 	 {}
}

@InProceedings{tarvo:iccad05,
  author = 	 {Raudvere, T. and Singh, A. K. and Sander, I. and Jantsch, A.},  
  title = 	 {System Level Verification of Digital Signal Processing Applications Based on the Polynomial Abstraction Technique}, 
  OPTcrossref =  {},
  OPTkey = 	 {},
  booktitle = {Proc. of ICCAD},
  pages = 	 {285-290},
  year = 	 {2005},
  OPTeditor = 	 {},
  OPTvolume = 	 {},
  OPTnumber = 	 {},
  OPTseries = 	 {},
  OPTaddress = 	 {},
  OPTmonth = 	 {},
  OPTorganization = {},
  OPTpublisher = {},
  OPTnote = 	 {},
  OPTannote = 	 {}
}

@Article{bryant:91sim,
  author = 	 {Bryant, R. E.},
  title = 	 {{A} {M}ethodology for {H}ardware {L}ogic {S}imulation}, 
  journal = 	 {Journal of the ACM},
  year = 	 {1991},
  OPTkey = 	 {},
  volume = 	 {38},
  number = 	 {2},
  pages = 	 {299-328},
  OPTmonth = 	 {},
  OPTnote = 	 {},
  OPTannote = 	 {}
}

@Article{bryant:91mem,
  author = 	 {Bryant, R. E.},
  title = 	 {{F}ormal {V}erification of {M}emory {C}ircuits by {S}witch-{L}evel {S}imulation},
  journal = 	 {IEEE Transactions on CAD},
  year = 	 {Jan, 1991},
  OPTkey = 	 {},
  volume = 	 {10},
  number = 	 {I},
  pages = 	 {94-102},
  OPTmonth = 	 {},
  OPTnote = 	 {},
  OPTannote = 	 {}
}

@Article{ernst:sim,
  author = 	 {Ernst, R. and Bhasker, J.},
  title = 	 {{S}imulation- {B}ased {V}erification for {H}igh-{L}evel {S}ynthesis},  
  journal = 	 {IEEE Design and Test},
  year = 	 {Jan, 1991},
  OPTkey = 	 {},
  volume = 	 {8},
  number = 	 {1},
  pages = 	 {14-20},
  OPTmonth = 	 {},
  OPTnote = 	 {},
  OPTannote = 	 {}
}

@InProceedings{brand:iccad92,
  author = 	 {Brand, D.},
  title = 	 {{E}xhaustive {S}imulation {N}eed {N}ot {R}equire an {E}xponential {N}umber of {T}ests},
  booktitle = 	 {Proc. ICCAD},
  key =		 {iccad92:brand},
  year =	 {1992},
  month =	 {Nov},
  pages =	 {98-101}
}

@Inproceedings{clarke:fmcad00,
  author = {Clarke, E. and German, S. and Lu, Y. and Veith, H. and Wang, D.},
  title = {{E}xecutable {P}rotocol {S}pecification in {ESL}},
  booktitle = {Proc. FMCAD},
  OPTcrossref =  {},
  OPTkey = 	 {},
  OPTorganization = {},
  month = {Nov},
  year = {2000},
  OPTeditor = 	 {},
  OPTvolume = 	 {},
  OPTnumber = 	 {},
  OPTseries = 	 {},
  OPTaddress = 	 {},
  OPTpublisher = {},
  OPTnote = 	 {},
  OPTannote = 	 {}
 }

@Inproceedings{yuan:iccad99,
  author = {Yuan, J. and Shultz, K. and Pixley, C. and Miller, H. and Aziz, A.},
  title = {{M}odeling {D}esign {C}onstraints and {B}iasing in {S}imulation using {BDD}s},
  booktitle = {Proceedings of ICCAD},
  OPTcrossref =  {},
  OPTkey = 	 {},
  OPTorganization = {},
  month = {Nov},
  year = {1999},
  OPTeditor = 	 {},
  OPTvolume = 	 {},
  OPTnumber = 	 {},
  OPTseries = 	 {},
  OPTaddress = 	 {},
  OPTpublisher = {},
  OPTnote = 	 {},
  OPTannote = 	 {}
 }

@Inproceedings{dill:dac02,
  author = {Shimizu,K. and Dill, D. L.},
  title = {{D}eriving a {S}imulation {I}nput {G}enerator and a {C}overage {M}etric {F}rom a {F}ormal {S}pecification},
  booktitle = {Proc. DAC},
  OPTcrossref =  {},
  OPTkey = 	 {},
  OPTpages = {},
  OPTmonth = {June},
  year = {2002},
  pages = {801-806},
  OPTeditor = 	 {},
  OPTvolume = 	 {},
  OPTnumber = 	 {},
  OPTseries = 	 {},
  OPTaddress = 	 {},
  OPTnote = 	 {},
  OPTannote = 	 {}
 }

@Article{dill:ieee02,
  author = 	 {Shimizu, K. and Dill, D. L.},
  title = 	 {{U}sing {F}ormal {S}pecifications for {F}unctional {V}alidation of {H}ardware {D}esigns},
  journal = 	 {IEEE Design \& Test of Computers},
  year = 	 {2002},
  OPTkey = 	 {},
  volume = 	 {19},
  number =       {4},
  OPTnumber = 	 {},
  pages = 	 {96-106},
  OPTmonth = 	 {},
  OPTnote = 	 {},
  OPTannote = 	 {}
}

@InProceedings{sanchez:hldvt05,
  author = 	 {Ugarte, I. and Sanchez, P.},
  title = 	 {{F}ormal {M}eaning of {C}overage {M}etrics in {S}imulation-{B}ased {H}ardware {D}esign {V}erification}, 
  OPTcrossref =  {},
  OPTkey = 	 {},
  booktitle = {High-Level Design Validation \& Test Workshop, HLDVT},
  OPTpages = 	 {},
  year = 	 {2005},
  OPTeditor = 	 {},
  OPTvolume = 	 {},
  OPTnumber = 	 {},
  OPTseries = 	 {},
  OPTaddress = 	 {},
  OPTmonth = 	 {},
  OPTorganization = {},
  OPTpublisher = {},
  OPTnote = 	 {},
  OPTannote = 	 {}
}

@Misc{gp_date05,
  OPTkey = 	 {},
  author = 	 {Boyd, S. and Kim, S. -J. and Mohan. S.},
  title = 	 {{G}eometric {P}rogramming and its {A}pplications to {EDA} {P}roblems},
  howpublished = {Design Automation and Test in Europe Tutorial Presentation},
  OPTmonth = 	 {},
  year = 	 {2005},
  OPTnote = 	 {},
  OPTannote = 	 {}
}

@Article{carl:math,
  author =       {Carlitz, L.},
  title =        {{F}unctions and {P}olynomials (mod $p^n$)},
  journal =      {Acta Arith.},
  year =         {1964},
  OPTkey =       {},
  volume =       {9},
  number =       {},
  pages =        {67-78},
  OPTmonth =     {},
  OPTnote =      {},
  OPTannote =    {}
}

@Inproceedings{brand_dac79,
       author = {Carter, W. C. and Joyner, W. H. and Brand, D.},
       title = {{S}ymbolic {S}imulation for {C}orrect {M}achine {D}esign},
       booktitle = {Design Automation Conference, pp280-286},
       OPTorganization = {},
       month = {June},
       year = {1979}
 }

@Inproceedings{zhuang_dac86,
       author = {Odawara, G. and Tomita, M. and Okuzawa, O. and Ohta, T. and Zhuang, Z.},
       title = {{A} {L}ogic {V}erifier {B}ased on {B}oolean {C}omparison},
       booktitle = {Design Automation Conference},
       pages =  {208-214},
       month = {June},
       year = {1986}
 }

@Article{srinivas_ieee88,
  author = 	 {Srinivas, N. C. E. and Agrawal, V. D.},
  title = 	 {{F}ormal {V}erification of {D}igital {C}ircuits {U}sing {H}ybrid {S}imulation},
  journal = 	 {IEEE Circuits and Devices Magazine},
  year = 	 {1988},
  OPTkey = 	 {},
  volume = 	 {4},
  number = 	 {1},
  pages = 	 {19-27},
  month = 	 {Jan},
  OPTnote = 	 {},
  OPTannote = 	 {}
}

@Book{newton,
  author =       {Jordan, C.},
  ALTeditor =    {},
  title =        {Calculus of Finite Differences},
  publisher =    {New York: Chelsea},
  year =         {1965},
  OPTkey =       {},
  OPTvolume =    {},
  OPTnumber =    {},
  OPTseries =    {},
  OPTaddress =   {},
  OPTedition =   {},
  OPTmonth =     {},
  OPTnote =      {},
  OPTannote =    {}
}

@Book{fwd_diff,
  author =       {Sloane, N. J. A. and Plouffe, S.},
  ALTeditor =    {},
  title =        {The Encyclopedia of Integer Sequences},
  publisher =    {Academic Press},
  year =         {1995},
  OPTkey =       {},
  OPTvolume =    {},
  OPTnumber =    {},
  OPTseries =    {},
  OPTaddress =   {},
  OPTedition =   {},
  OPTmonth =     {},
  OPTnote =      {},
  OPTannote =    {}
}

@Book{systemc,
  author =       {Black, D. C. and Donovan, J.},
  OPTALTeditor =         {},
  title =        {{S}ystemC: {F}rom the {G}round {U}p},
  publisher =    {Springer},
  year =         {2005},
  OPTkey =       {},
  OPTvolume =    {},
  OPTnumber =    {},
  OPTseries =    {},
  OPTaddress =   {Boston, MA},
  edition =      {Second edition},
  month =        {October},
  OPTnote =      {},
  OPTannote =    {}
}


@Book{gp_book,
  author =       {Boyd, S. and Vandenberghe, L.},
  OPTALTeditor =         {},
  title =        {{C}onvex {O}ptimization},
  publisher =    {Cambridge University Press},
  year =         {2004},
  OPTkey =       {},
  OPTvolume =    {},
  OPTnumber =    {},
  OPTseries =    {},
  OPTaddress =   {},
  edition =      {First edition},
  month =        {March},
  OPTnote =      {},
  OPTannote =    {}
}
